2416 3900
500 167 742 231 -159-

183 370 288 428 XXV.
311 372 360 427 De
383 369 544 426 feniculo.
1032 360 1122 497 2ss

183 487 312 557 Qum
334 490 394 550 vim
417 488 546 551 feniculo
568 491 688 553 insitam
706 507 766 550 non
789 497 890 551 tamen
912 487 1021 571 simpli·
1054 507 1097 557 aa.

118 595 183 643 cem
205 577 259 639 sed
276 579 328 651 cui
345 579 434 639 etiam
452 580 611 655 austeritas
629 580 720 639 mixta
737 579 777 643 sit
799 585 905 657 gustus
923 585 1021 641 osten·
1041 587 1115 658 (Gal.

118 667 173 749 dit,
200 674 231 729 et
259 665 353 735 mulla
378 674 533 749 praeterea
560 685 614 747 per
642 685 716 747 quae
744 666 792 728 vel
817 664 950 729 solvendi
976 665 1023 726 vel
1053 671 1097 720 ¹1,

117 754 297 824 extenuands‘
322 754 369 816 vel
396 757 485 821 etiam
512 755 643 818 siccandi
670 756 808 835 exprimit
835 761 1022 835 potestatem.
1041 735 1112 801 883).

92 844 258 907 samnitum
280 845 312 905 in
338 842 423 905 libris
446 852 476 905 et
504 851 660 925 'serpentes
686 862 815 907 annuam
838 851 1024 918 senectutem

117 932 239 993 feniculi
267 935 435 1011 gustatione
458 931 608 1011 deponere
631 940 662 993 et
687 932 845 997 oculorum
867 932 1023 1012 caliginem

118 1038 189 1082 suco
213 1022 278 1082 eius
301 1020 474 1082 excludere:
504 1021 581 1082 unde
608 1021 740 1100 intellegi
768 1021 869 1083 datum
891 1028 937 1084 est
960 1039 1022 1082 eas·

117 1108 183 1171 dem
205 1111 334 1171 uirtutes
356 1116 387 1170 et
405 1109 584 1190 corporibus
602 1109 739 1170 humanis
757 1109 846 1170 utiles
864 1126 943 1191 esso,
967 1111 1022 1169 sic·

117 1199 162 1265 un
183 1205 289 1278 podes
311 1200 515 1278 experimenta
537 1197 714 1261 docueruut.
747 1216 838 1262 sucus
861 1215 934 1277 ergo
950 1215 1022 1258 cum

83 1283 205 1351 1⁰malle
237 1288 328 1353 altico
359 1289 470 1349 mixtus
507 1289 736 1351 vetustissimam
768 1286 838 1353 licet
866 1286 1022 1365 caliginem

119 1374 249 1439 discutit.
285 1373 409 1437 auribus
424 1375 605 1455 :purulentis
627 1375 707 1437 idem
730 1392 822 1439 sucus
843 1374 1021 1441 infunditur.

117 1463 296 1527 vermiculos
318 1466 408 1527 ctiom
430 1466 482 1543 qui
508 1466 546 1525 in
567 1464 663 1539 isdem
684 1472 849 1531 nascuntur
872 1463 1021 1531 interficit.

117 1551 201 1615 radix
218 1553 251 1615 in
268 1555 384 1632 ptisana
398 1553 559 1615 datn'lauat
572 1571 680 1615 renum
697 1552 883 1615 densitatem.
914 1552 1021 1632 hydro.-

116 1642 192 1720 picis
218 1659 256 1700 ex
283 1643 352 1703 rino
380 1641 447 1702 datu
474 1644 631 1708 succurrit.
674 1650 794 1707 veretro
820 1640 1022 1703 inherentibus

83 1740 105 1781 1⁵
118 1747 154 1790 ex
172 1730 241 1791 rino
259 1737 344 1790 cocta
367 1730 531 1792 lomentum
553 1747 698 1810 perquam
716 1730 788 1792 utile
807 1724 1022 1791 subministrat

117 1819 180 1897 ipsa
203 1835 272 1879 cum
295 1817 361 1879 oleo
383 1820 455 1879 trita
472 1817 569 1879 eidem
587 1835 693 1879 causae
712 1817 856 1878 medetur.
888 1825 1022 1878 tumores

117 1913 147 1969 et
161 1923 237 1986 quae
255 1907 317 1967 ictu
331 1907 377 1967 vel
398 1909 554 1987 repentina
567 1906 768 1986 indignatione
787 1912 934 1966 commota
951 1912 1022 1966 sumt

118 1994 185 2055 lolia
208 2012 245 2054 ex
267 2002 351 2055 aceto
370 1997 440 2057 trita
463 1993 636 2056 dissolvunt.
671 1993 826 2055 adversum
844 1996 923 2055 ictus
942 2011 1021 2055 scor-

179 2207 337 2264 inicorum
363 2207 475 2264 calidam
498 2208 624 2263 virtutem
651 2204 733 2263 habet
754 2207 877 2277 insitam,
903 2220 958 2261 nou
982 2214 1020 2260 ta·
1040 2209 1096 2276 (47)

81 2306 178 2350 nmen
204 2292 354 2366 simplicem
380 2291 428 2349 sed
454 2292 497 2348 cui
523 2291 604 2348 etiam
631 2292 775 2348 austeritas
804 2290 885 2346 mixta
911 2289 962 2362 sit,
992 2295 1022 2344 nt

116 2384 215 2451 gnstns
238 2377 360 2435 ostendit
380 2384 408 2432 et
430 2375 514 2432 multa
541 2384 680 2450 praeterea
701 2391 752 2450 per
772 2389 842 2450 quae
864 2372 972 2431 eluendi
995 2381 1023 2429 et

116 2459 281 2518 extenuandi
300 2461 343 2517 vel
365 2461 446 2518 etiam
466 2459 617 2518 desiccandi
640 2459 720 2517 hahet
741 2468 915 2534 potestatem.
957 2473 1022 2515 ocu·

116 2545 206 2603 lorum
232 2543 344 2602 vulnera
370 2552 398 2602 et
423 2545 563 2602 cicatrices
591 2553 677 2603 curat.
720 2545 779 2603 suci
805 2543 934 2601 loliorum
961 2543 1021 2598 eius

116 2636 209 2702 partes
230 2626 298 2687 duas
320 2629 407 2687 mellis
428 2629 523 2704 acapni
543 2636 647 2704 partem
663 2644 742 2685 unam
757 2627 838 2685 slmul
859 2629 972 2684 misceto
995 2633 1023 2681 et

78 2723 103 2764 2⁵
116 2712 240 2789 tepidum
262 2703 348 2771 oculis
369 2713 516 2779 infundito.
551 2711 640 2770 radice
662 2714 720 2771 eius
742 2714 771 2769 in
792 2728 860 2786 aqua
883 2719 960 2769 cocta
981 2708 1023 2767 lo·

115 2806 178 2854 veto
200 2796 376 2872 callginantes
399 2797 502 2855 oculos.
539 2814 633 2855 sucum
655 2798 713 2854 cius
736 2795 847 2853 iulnnde
869 2797 896 2851 in
919 2796 1022 2851 aurium

188 3017 229 3071 tit.
249 3033 361 3087 ming
380 3018 415 3085 (et
432 3019 472 3071 sie
489 3019 570 3073 otium
587 3021 623 3088 o).
669 3016 786 3072 letiam
805 3017 878 3085 (etl)
898 3013 1046 3070 emtoribus
1063 3014 1128 3083 gol:

116 3087 266 3144 austeritas
284 3087 371 3145 eldam
388 3089 433 3143 rb.
450 3089 459 3158 l
483 3089 655 3159 mixtegoh
682 3089 808 3147 mmmm
828 3087 874 3142 rb.
944 3082 1129 3138 dl'rnditum

114 3158 180 3227 gel:
204 3157 399 3230 manumque·
414 3160 459 3215 rb.
479 3160 484 3227 Ι
507 3160 538 3215 in
556 3158 635 3216 libris
654 3161 700 3228 (ec.
720 3159 813 3216 Plinio·
830 3156 990 3228 tondunt).
1046 3158 1061 3208 'l
1081 3152 1129 3207 da·

115 3228 343 3286 morinco.
398 3224 1093 3301 enumannqonom.ru.1uoiieqv.1siouuz.

116 3303 132 3353 9
151 3298 308 3363 mamni
325 3302 391 3370 (oi)
407 3317 459 3370 go:
477 3300 698 3372 coenerosam.
720 3303 724 3369 1
745 3318 812 3372 ergo
830 3300 896 3371 gol:
920 3314 987 3369 ergo
1005 3296 1066 3352 eins
1083 3295 1128 3350 rb.

151 3375 186 3426 12
209 3369 313 3431 unam:
340 3371 450 3428 hisdem
472 3373 602 3443 goldo).
672 3376 705 3426 lu
727 3371 822 3428 wne
842 3387 881 3442 go
908 3372 932 3439 (t
950 3384 1019 3426 sona
1040 3369 1074 3438 r).

117 3447 152 3496 14
169 3441 239 3503 ueto
254 3459 285 3513 g:
310 3444 379 3514 pole
395 3443 502 3512 ultro).
523 3446 528 3512 Ι
548 3443 665 3498 veretro
682 3444 748 3512 gol:
771 3441 892 3498 Vaterno
910 3388 960 3496 ul.
1021 3445 1060 3492 tu
1072 3453 1136 3488 ms·

116 3511 218 3569 dentur
235 3529 261 3582 9.
316 3519 351 3570 18
367 3514 507 3571 Adversus
526 3515 544 3570 l.
