2416 3900
451 208 692 273 —iO'l—

58 369 378 434 hihlsscntreneuum.
404 367 564 451 Pompeius
578 379 679 433 autem
688 388 812 452 magnus
840 384 945 448 tame.

58 457 231 521 Mithridate
260 457 377 520 devicto
403 459 515 521 invenit
542 461 574 523 in
607 462 718 523 scrinio
746 463 811 523 eius

55 549 155 628 ipsius
182 564 273 609 manu
296 547 437 627 scriptam
465 550 725 631 compositionem,
753 567 812 629 qua

37 636 107 699 ¹illo
141 642 334 716 praesumpta
369 635 510 697 advorsus
542 641 641 699 omnia
670 639 811 699 veneficia

33 726 90 786 rin
125 732 226 785 totum
257 722 337 784 diem
372 731 470 786 tutum
502 743 535 786 se
570 725 809 806 incolumemque

58 812 242 894 praestabat:
254 821 349 874 nuces
362 812 516 891 iuglandes
530 814 615 897 duae,
628 815 703 876 tious'
714 817 809 889 siccae

58 899 148 984 duae,
181 908 267 962 rutae
299 900 369 961 lolia
395 915 458 982 xx,
478 900 562 963 'salis
588 920 713 982 manum
737 918 750 965 1
777 906 809 966 in

58 1008 153 1053 unum
172 986 400 1050 contunduntur
418 997 448 1050 et
466 988 646 1053 devorantur
664 1011 680 1053 a
699 995 808 1055 ieiuno.

123 1076 280 1139 Electrum
299 1085 345 1139 est
364 1094 470 1140 aurum
488 1081 519 1140 in
539 1097 598 1159 quo
618 1083 721 1160 quinta
738 1101 808 1162 pars
836 1092 923 1154 33,80.

23 1167 356 1249 regeneraremur.
394 1185 431 1228 ex
450 1184 509 1246 quo
533 1171 559 1228 si
578 1171 645 1248 quis
663 1168 733 1230 vaso
755 1188 807 1249 po·
831 1179 923 1243 aaut.

54 1254 302 1339 ‘tatorio'lututur7
325 1255 449 1316 insidias
472 1259 578 1318 veneni
601 1256 712 1318 vitabit.
749 1258 808 1318 dis·

55 1351 187 1406 cormunt
213 1345 295 1404 enim
320 1344 352 1404 in
384 1362 420 1406 eo
448 1362 537 1405 arcus
564 1345 748 1417 caelestibus
770 1349 807 1407 si·

57 1432 143 1494 miles
176 1448 253 1493 cum
286 1433 373 1512 igneo
410 1431 569 1516 stridore‚'
588 1452 683 1513 eoque
719 1434 807 1496 modo

58 1520 170 1602 duplici
196 1521 314 1582 ratione
345 1520 580 1602 deprehenditur
611 1523 718 1586 scelus.
762 1532 807 1585 est
834 1534 922 1597 33‚80.

24 1616 47 1660 ¹⁸
58 1609 204 1671 electrum
221 1609 325 1670 lictum
342 1612 374 1671 ln
388 1610 460 1671 au'ro
480 1610 579 1672 addita
593 1614 708 1691 argenti
721 1620 806 1692 parte

59 1698 174 1780 quinta,
202 1696 255 1758 sed
282 1697 339 1759 hoc
366 1705 482 1760 tantum
504 1707 635 1779 praestat
663 1709 807 1779 quantum

57 1786 129 1849 illud
152 1785 297 1859 naturale.
911 1808 914 1815 ¹

38 1876 44 1888 ⁶
121 1874 203 1955 Ergo
226 1876 538 1955 monstravimusquo
563 1875 695 1938 antidoto
718 1886 805 1938 vene·-

59 1980 129 2025 uum
151 1981 213 2025 nou
237 1963 409 2026 admittatur
432 1971 462 2025 et
484 1983 544 2044 quo
561 1965 678 2026 vasculo
702 1984 805 2046 argua-

25 2057 115 2114 ator.
151 2069 234 2114 nunc
257 2060 288 2114 et
309 2053 440 2114 remedia
463 2070 628 2132 suggeram.

123 2138 306 2203 Centaurion
333 2150 436 2222 potum
460 2143 558 2202 omnia
580 2141 656 2202 mala
678 2142 804 2202 medica·
829 2150 938 2213 autur.

59 2238 156 2291 menta
174 2231 267 2309 exigit
284 2246 339 2309 per
359 2231 463 2292 alvum.
497 2230 702 2291 aristolochiae
721 2229 805 2291 radix
833 2238 929 2301 tutte

59 2318 187 2396 pondere
225 2317 340 2379 denarii
371 2338 407 2379 en
438 2319 556 2379 hemina
587 2321 648 2379 vini
683 2315 804 2380 bibitur.
832 2309 877 2377 (⁶f·
893 2313 964 2380 101)-

61 2409 177 2487 sanguis
209 2408 333 2469 caninus
361 2406 498 2469 hauritur
530 2407 672 2491 adversm
698 2409 804 2469 toxica.
832 2416 918 2480 1918.

30 2493 214 2575 repagulum
242 2497 383 2575 agninum
405 2499 436 2556 iu
458 2497 594 2578 potione,
622 2495 804 2559 ventriculus
833 2507 938 2570 tutos.

62 2583 187 2646 ciconiae
221 2601 290 2646 eum
317 2583 393 2645 lacte
422 2586 521 2645 ovium
550 2586 582 2645 in
610 2584 676 2646 cibo
709 2585 804 2646 datur.
832 2595 936 2658 29‚105.

126 2814 143 2863 2
166 2806 312 2863 mitridate
335 2808 391 2877 qd,
414 2807 588 2878 Mythridate
610 2824 633 2862 r.
658 2807 663 2878 l
689 2807 800 2864 devicto
822 2807 967 2866 mitridate
990 2810 1018 2865 d.

63 2877 140 2934 lille
185 2880 219 2935 ci:
241 2877 301 2948 ipse
319 2880 366 2935 rb.
391 2880 396 2948 1
419 2877 560 2934 maleficia
577 2879 604 2936 d.
665 2884 681 2934 ὅ
707 2897 735 2936 se
755 2895 805 2936 om.
824 2881 851 2936 d.
907 2888 923 2936 6
945 2880 1072 2951 proesta-

63 2943 106 3003 hat
121 2896 194 3020 urg:
213 2948 310 3020 piavit
327 2950 354 3006 d.
410 2956 425 3005 1
444 2949 475 3004 in
492 2967 579 3004 unum
597 2951 639 3021 pol
656 2950 753 3021 (simul
772 2952 843 3023 Pl.):
862 2951 892 3006 in
910 2950 1007 3007 vinum
1024 2952 1071 3007 rb.

92 3023 125 3075 10
147 3019 292 3077 invenitm
314 3020 426 3092 argenti
448 3022 477 3076 d.
501 3024 506 3091 Ι
531 3038 600 3077 vaso
616 3039 647 3094 p:
675 3039 742 3079 vose
764 3024 813 3078 ab.
839 3024 844 3091 Ι
868 3021 1025 3093 portatorio
1043 3022 1071 3076 d.

92 3094 125 3145 12
144 3090 221 3147 enim
239 3107 290 3146 om,
309 3092 336 3146 ol.
362 3094 367 3160 Ι
391 3090 490 3148 similis
505 3108 533 3163 9.
589 3098 622 3149 13
642 3112 706 3150 oum
724 3111 775 3151 om.
793 3094 845 3161 oti
871 3106 972 3161 eoque:
991 3106 1024 3146 eo
1043 3092 1071 3147 d.

92 3165 125 3216 14
142 3162 196 3217 Est
212 3162 285 3246 pot:
305 3177 355 3217 om.
374 3164 401 3219 d.
459 3168 491 3218 15
510 3164 607 3220 fictum
625 3166 701 3236 pdb:
720 3181 771 3220 om.
785 3181 807 3219 r.
833 3164 838 3229 l
863 3160 973 3232 argenti
990 3163 1071 3231 perte

63 3228 153 3290 uuita
171 3235 273 3304 quinte
290 3233 321 3302 d,
340 3250 366 3288 a.
385 3250 410 3291 e.
430 3235 531 3305 quinte
548 3237 628 3306 perte
646 3236 692 3291 rh.
748 3240 781 3289 16
800 3233 849 3287 sed
868 3235 897 3288 et
918 3232 972 3286 hoc
989 3233 1017 3288 d.

10 3358 12 3363 ·
65 3344 93 3396 18
108 3343 184 3417 llrpo
201 3346 275 3416 prb:
288 3314 408 3417 Ι(ᾒίὶιιο)
428 3348 455 3403 d.
477 3347 713 3416 {monstrabimus
729 3362 760 3416 9,
778 3345 1029 3402 demonstravimus
1042 3347 1070 3404 d.

93 3418 173 3541 {get
190 3432 242 3472 om.
261 3417 289 3474 d.
308 3420 313 3487 Ι
332 3433 513 3488 suggeremus
530 3419 575 3474 rh.
617 3423 650 3473 11
670 3415 854 3473 Aristolooioe
872 3433 923 3486 pr,
943 3416 1029 3500 -logie
1042 3419 1069 3475 d.

123 3487 500 3612 1l⁰¹¹d⁰¹⁹b·1'⁰¹¹d¹¹⁸⁹·
523 3487 616 3560 pondo
638 3488 672 3560 d,
700 3489 736 3559 cf.
754 3492 830 3557 111,
879 3491 920 3542 uu
937 3504 1087 3557 sgnum

65 3555 122 3626 id(
149 3559 197 3627 llo
210 3575 345 3630 anguium
363 3561 408 3619 rb.
