2416 3900
380 132 701 239 &rao-

183 340 298 399 uretica
320 336 481 416 existimat,
505 338 685 399 austeritatis
709 337 835 398 sortasse
854 336 1006 399 beneficio.
1040 356 1088 398 oe-

184 437 282 489 terum
296 426 421 507 styptica
435 427 631 506 comprimere
645 427 763 487 urinam
775 426 869 505 magis
888 444 976 506 quam
991 429 1088 488 eicere

185 525 377 577 consuerunt.
414 513 506 575 cruda
527 517 692 575 austeriora
710 523 789 576 sunt.
822 514 914 576 cruda
935 517 1036 595 itaque
1060 524 1090 577 et

184 613 299 666 matura
318 604 455 665 coeliacis
473 603 668 683 dysentericis
686 605 860 683 sanguinem
878 603 1090 666 reiactantihus

122 701 138 734 *
182 701 309 775 prosunt
326 695 358 753 iu
377 691 443 753 cibo
462 700 587 772 sumpta.
619 700 791 771 coquuntur
810 699 840 753 et
857 693 1004 754 incinere
1020 693 1116 754 cali-5

185 783 306 843 dissimo
329 783 423 842 farina
445 781 588 862 involuta,
616 788 647 843 et
672 782 770 860 aegris
797 798 926 860 quorum
948 780 1091 843 diuturna

184 874 243 931 iam
270 869 362 932 lebris
389 877 448 951 est,
480 872 543 930 sine
575 868 709 949 periculo
741 869 856 931 dantur.
902 870 1033 932 thoracis
1061 880 1120 933 et-

186 959 330 1020 stomachi
361 966 509 1020 tormenta
540 960 684 1037 mitigant.
733 976 809 1036 aqua
845 961 934 1020 etiam
970 958 1091 1021 caelesti

185 1047 372 1129 madescunt,
395 1064 471 1126 quae
493 1055 592 1126 potest
612 1046 649 1107 ad
667 1046 759 1107 multa
781 1046 933 1126 prodesse.
969 1066 1037 1109 nam
1061 1057 1092 1109 et

186 1137 266 1198 sedis
287 1137 358 1198 vitia
379 1137 410 1196 in
438 1137 603 1196 lomentum
625 1133 779 1214 adsumpta
803 1135 913 1197 delenit
936 1145 967 1198 et
988 1139 1130 1198 matri-1⁰

118 1240 121 1245 ·
186 1226 271 1286 cibus
303 1226 479 1286 seminarum
507 1226 538 1284 in
570 1232 687 1285 tumore
716 1227 865 1285 succurrit
892 1225 1090 1304 omnibusque

186 1313 353 1375 fervoribus
370 1312 563 1375 vehementer
580 1312 707 1374 obsistit.
733 1312 850 1374 infundi
868 1331 987 1393 quoque
1007 1323 1091 1376 aceto

187 1406 248 1464 sive
271 1405 339 1463 vino
363 1401 473 1483 solent,
501 1401 580 1481 quod
608 1400 796 1462 stomachicis
824 1408 854 1463 et
880 1405 1092 1465 intestinorum

187 1492 281 1552 lluore
304 1493 415 1552 vexatis
438 1491 669 1571 oportunissime
693 1491 826 1551 ollertur.

252 1579 299 1639 Fit
321 1598 358 1640 ex
385 1579 524 1657 cydoneis
547 1581 647 1639 vinum
678 1597 737 1657 quo
761 1577 859 1638 colore
887 1578 1092 1658 languentium
1106 1589 1131 1631 1⁵

187 1667 333 1729 desideria
359 1666 505 1728 fallantur.
547 1685 615 1727 nam
642 1669 741 1745 specie
769 1675 800 1727 et
826 1675 916 1745 gustu
943 1674 973 1728 et
1000 1667 1092 1728 odore

188 1755 347 1817 cuiuslibet
369 1757 430 1816 vini
451 1758 561 1816 veteris
583 1757 742 1834 imaginem
765 1763 983 1837 repraesentat,
1012 1756 1092 1816 ideo·

189 1865 246 1924 qne
270 1844 376 1905 Graeci
398 1844 570 1923 ydromelon
594 1843 748 1924 appellant.
790 1862 827 1903 ex
849 1844 950 1905 multis
973 1863 1092 1924 compo-

189 1934 345 1995 sitionibus
369 1935 434 1993 eius
457 1933 561 1993 melior
584 1932 657 1993 haec
676 1939 706 1994 et
726 1931 829 1992 utilior
851 1933 987 1995 traditur.
1024 1940 1093 2013 post

188 2021 371 2082 caniculares
390 2029 489 2082 aestus
509 2038 712 2100 quaecumque
732 2039 764 2081 se
784 2039 820 2081 ex
839 2024 924 2082 novis
946 2018 1093 2083 imbribus
1107 2035 1134 2075 2⁰

189 2128 264 2190 aqua
292 2109 427 2171 caelestis
454 2109 598 2170 infuderit
625 2109 736 2170 mundo
754 2127 824 2170 vaso
844 2112 991 2190 excipitur
1010 2120 1041 2171 et
1063 2113 1095 2171 in

156 2323 170 2371 1
195 2316 313 2372 extimat
336 2316 375 2372 N.
438 2322 455 2370 2
479 2315 568 2371 eicere
590 2333 621 2386 p:
648 2333 728 2371 acere
748 2318 781 2386 (t)
803 2317 838 2372 N
857 2319 951 2386 (agere
974 2316 1096 2385 Malas),

84 2389 157 2444 ciere
175 2389 207 2443 ol
220 2388 287 2458 (rh).
332 2394 348 2442 3
368 2387 565 2445 cruda-sunt
582 2387 647 2442 add.
665 2387 703 2442 N.
720 2386 835 2458 litaque
855 2390 884 2443 et
899 2387 966 2457 pola
985 2402 1036 2442 oon.
1050 2389 1097 2453 rb,

82 2461 179 2530 itaqua
197 2459 258 2527 (om.
274 2460 312 2528 et)
326 2458 365 2513 N.
401 2458 501 2513 abhinc
518 2458 550 2512 d:
574 2456 706 2527 Cydonea
719 2473 755 2513 cr.
771 2461 800 2514 et
813 2459 880 2513 mat.
894 2463 941 2512 etc.
978 2458 1097 2527 dcylia-

84 2532 124 2587 cis
141 2531 232 2600 plu),
253 2528 358 2585 eiliacis
375 2546 400 2584 o.
417 2531 421 2598 l
437 2528 541 2598 dysint.
558 2527 623 2596 Na,
641 2529 764 2598 dyssent.
783 2529 861 2599 ὂψ),
880 2527 978 2584 disent.
998 2529 1021 2598 l,
1041 2527 1097 2583 dis·

84 2602 149 2656 sint.
168 2619 191 2656 r.
213 2604 217 2670 Ι
241 2599 439 2656 reiectantibus
456 2599 491 2654 N
496 2602 532 2666 (et
545 2600 582 2669 d).
646 2598 788 2669 asumpti
805 2602 831 2656 d.
883 2601 1018 2654 cocuntur
1035 2599 1093 2670 Nl

83 2671 422 2740 inpolxoocrhatN.
468 2669 809 2740 adiutumaiamgoct
862 2670 945 2724 :iam
963 2669 1097 2725 diuturna

84 2743 194 2811 lou-o).
249 2748 264 2796 ‘1
283 2742 369 2798 febris
387 2744 429 2797 est
445 2742 499 2812 gol
516 2746 542 2796 et
554 2741 598 2796 N:
616 2741 702 2796 febris
721 2742 781 2810 (om.
796 2744 850 2813 est)
867 2741 912 2797 rt.
929 2742 933 2810 Ι
950 2740 1035 2795 datur
1051 2742 1097 2797 rb.

88 2814 92 2885 l
110 2812 214 2867 tornois
237 2814 267 2866 et
288 2813 406 2868 stomaei
428 2815 450 2870 t.
469 2811 603 2884 mitigant
624 2813 688 2868 add.
706 2811 741 2867 N
756 2812 866 2882 (apta).
947 2817 964 2866 8
983 2811 1099 2868 caelesti

86 2901 136 2940 out.
156 2883 198 2937 ld.
267 2889 283 2937 9
308 2882 486 2938 madescunt:
512 2884 545 2938 ta
571 2884 621 2938 hoc
647 2900 672 2937 o.
695 2883 786 2952 deficit
813 2884 912 2951 solitam
934 2882 968 2937 N
993 2883 1099 2952 (made-

85 2954 193 3011 faciunt
211 2954 292 3024 bril
313 2956 343 3008 et
360 2970 411 3008 om.
430 2954 457 3011 d.
513 2958 546 3009 10
565 2954 715 3024 adsumpta
731 2970 778 3025 go.
797 2955 804 3022 l
824 2952 925 3010 delinit
941 2953 1098 3022 galdet).

123 3032 154 3080 11
174 3026 204 3080 in
223 3024 319 3080 dolore
337 3025 394 3093 (aad
411 3025 470 3093 iprae
485 3040 574 3092 sopra
590 3040 642 3080 scr.
659 3027 779 3094 tumore)
797 3027 815 3081 1.
865 3030 900 3078 12
918 3024 1101 3080 vehementer

86 3097 241 3153 fervoribus
258 3097 304 3153 rb.
320 3099 325 3166 1
340 3096 520 3151 vehementer
536 3110 587 3150 ora.
606 3096 633 3150 d.
651 3098 654 3162 Ι
669 3095 700 3150 in
718 3098 798 3152 aceto
817 3095 876 3151 sive
893 3094 924 3148 in
942 3093 1009 3151 vino
1028 3095 1100 3164 (sive

11 3214 13 3222 .
86 3170 152 3225 vino
173 3169 202 3236 d)
219 3168 372 3238 galdet).
437 3172 469 3222 13
489 3165 667 3221 stomachicis
688 3183 739 3237 po:
768 3166 907 3223 stomachi
925 3166 972 3235 td,
996 3168 1101 3221 stoma·

86 3240 151 3295 tiois
163 3240 209 3295 rh.
256 3245 290 3295 14
303 3235 538 3309 opportunissime
551 3253 567 3292 o
582 3239 681 3308 (oport.
694 3240 731 3307 g).
748 3240 752 3306 l
769 3237 894 3292 offertur:
912 3237 966 3292 hac
975 3252 1061 3306 uagae
1073 3237 1100 3291 d.

125 3316 157 3364 15
177 3309 309 3378 cydoneis
325 3326 355 3379 p,
375 3308 498 3366 cidoneis
515 3325 545 3363 o:
564 3307 691 3378 cydoniis
709 3309 752 3377 lb,
773 3307 893 3378 cytoriis
910 3324 934 3362 r.
982 3314 1016 3363 16
1034 3324 1101 3362 nam

90 3381 119 3432 at
136 3397 176 3448 sp.
196 3383 214 3434 l.
230 3380 235 3450 Ι
252 3382 280 3435 et
294 3383 378 3450 gustu
391 3381 435 3435 at:
455 3381 540 3450 gustu
552 3380 588 3434 rh
599 3380 645 3449 (p).
692 3385 725 3434 17
740 3379 952 3448 repraesentant
969 3380 1023 3448 pol
1034 3378 1101 3448 (rb).

117 3454 155 3499 18
166 3449 336 3515 ydromelon
352 3452 420 3522 pol:
438 3445 596 3520 ὑδρόμηλον
610 3451 704 3507 Dicae.
719 3454 788 3519 t,30.
804 3451 809 3519 l
825 3465 860 3504 ex
876 3451 943 3518 pot:
963 3451 993 3505 et
1006 3466 1041 3505 ax
1054 3449 1101 3505 rb.

104 3518 139 3562 21
163 3531 233 3570 vaso
249 3536 307 3586 aa:
327 3540 395 3580 vase
415 3523 503 3596 ipo).
