2416 3900
498 214 738 280 -102-

154 379 229 449 *(ef.
244 382 353 450 copto)
379 377 473 441 viride
480 379 585 440 tritum
594 377 738 441 cumalbo
747 379 804 441 ovi.
817 380 935 458 sinapis
945 377 1130 441 alexandrini

206 503 208 506 >
380 467 628 548 homi-namtriti,
655 466 751 547 adipis
777 468 910 531 anserini
937 468 1041 529 uncias
1063 481 1130 551 1111,

379 555 475 617 mellis
510 554 649 618 selibram
690 557 740 616 iu¹
758 557 900 618 mortario
941 557 1131 623 commisceri

280 702 282 707 .
380 652 499 725 oportet
512 644 556 707 'et
583 647 614 706 in
643 662 742 726 pauno
769 644 871 707 induci
894 652 924 706 et
946 646 1025 725 parti
1052 663 1130 726 quae

380 751 417 794 ex
445 735 620 795 contusione
651 734 682 794 in
719 732 821 794 dolore
854 740 900 794 est
935 735 1065 817 imponi,
1097 743 1130 797 et
1158 745 1172 789 ⁶

248 835 352 898 tntae.
380 823 504 884 mirifice
536 821 690 883 remediat.
734 839 877 902 percussa
908 824 939 883 in
971 822 1046 904 facie
1077 832 1130 886 aut

248 924 352 986 copto.
381 912 569 973 discorticata
595 928 672 992 pane
694 923 735 972 cx
755 910 842 972 nelle·
865 911 1036 972 sananturss‘-
1053 913 1128 973 aori·

167 1074 212 1082 ...
380 1001 443 1081 folii
462 1000 546 1062 radix
569 1000 760 1083 decoquitur,
783 1001 891 1062 teritur
911 1008 941 1062 ct
963 1002 1130 1080 imponitur

265 1100 352 1169 3038.
380 1091 466 1153 livori
498 1098 528 1152 et
563 1092 682 1151 tumori.
716 1088 884 1169 'pulmones
908 1088 1065 1169 pecudum
1096 1092 1129 1152 ln

377 1181 555 1245 tenuissima
578 1179 673 1240 frusta
692 1177 903 1259 conciduntur,
926 1177 1033 1239 deinde
1057 1196 1128 1240 con·
1144 1195 1170 1236 ro

380 1271 457 1331 lecta
483 1271 514 1331 in
545 1286 651 1348 aquam
682 1267 847 1328 servantem
879 1266 971 1339 calida
1001 1265 1129 1329 subinde

161 1359 198 1415 ib.
231 1360 292 1429 (ora.
305 1361 353 1432 rb>
380 1356 548 1431 tumoribus
561 1359 765 1436 imponuntur.
793 1354 962 1417 columbino
976 1355 1045 1455 lipao
1058 1375 1128 1419 cou-

265 1457 352 1524 31‚65.
380 1448 451 1508 trito
474 1452 609 1507 utuntur.
651 1463 726 1524 aqua
756 1447 869 1506 marina
897 1443 1130 1517 calidadtiliter

242 1607 246 1614 ,
379 1542 513 1596 tumores
527 1534 678 1615 foventur,
696 1532 802 1594 deinde
816 1540 920 1614 postea
934 1541 1018 1613 aceto
1033 1551 1128 1614 aeque

224 1625 351 1699 (untia)
380 1622 483 1684 calido.
509 1622 676 1702 plantagine
702 1621 795 1682 cruda
818 1629 848 1683 et
871 1619 999 1697 contrita
1013 1624 1052 1701 ¹si
1080 1631 1126 1684 tu·
1142 1634 1169 1677 ιδ

378 1729 444 1775 mor
467 1713 529 1772 sive
556 1711 666 1772 duritia
694 1710 934 1792 complasmator,
965 1711 1128 1773 efficaciter

276 1805 307 1874 ¹*
379 1800 515 1861 sedatur:
534 1799 613 1879 quod
627 1797 842 1861 remediom'et
861 1798 916 1859 alia
933 1799 1024 1860 huius
1048 1799 1129 1861 modi

246 1901 350 1965 31,100.
378 1884 464 1951 curat
478 1897 508 1949 et
526 1890 733 1949 carcinomata.
762 1887 804 1947 sal
822 1889 854 1948 in
867 1902 988 1969 saecum
1001 1887 1132 1951 linteumv

379 1981 518 2058 coicitur,
541 1976 647 2037 deinde
669 1978 813 2037 intinctus
831 1977 863 2037 iu
882 1994 988 2056 aquam
1010 1976 1128 2039 ferven-

378 2073 439 2127 tem
475 2073 505 2129 et
540 2066 582 2127 ita
618 2064 777 2127 calefactus
811 2063 918 2126 crebro
955 2067 1127 2145 imponitur.
1143 2079 1170 2120 m

246 2166 350 2230 31,129.
378 2154 502 2215 livorem
524 2152 560 2214 ab
583 2155 646 2215 ictu
668 2161 822 2215 recentem
844 2155 969 2234 spongia
992 2171 1028 2214 ex
1051 2172 1129 2234 aqua

245 2255 350 2319 28p34.
378 2241 454 2304 salsa
481 2241 574 2303 calida
606 2243 723 2324 saepius
751 2244 887 2322 imposita
919 2241 1004 2304 tollit.
1022 2238 1128 2304 ‘'miri-

184 2509 199 2557 1
219 2502 363 2558 alexandri
384 2501 522 2556 himinam
545 2503 603 2571 (aie)
621 2517 652 2571 9,
675 2499 850 2557 alexandrini
873 2499 967 2555 emine
989 2501 1016 2556 d.
1041 2501 1047 2568 Ι
1070 2516 1128 2570 pro

17 2606 19 2610 Α
111 2575 156 2629 liic
173 2575 253 2643 (quoe
266 2575 355 2642 poulo
368 2578 433 2643 poet
450 2573 636 2643 memmiae)
654 2588 689 2628 ec
703 2573 766 2642 ipso
786 2573 884 2628 Plinio
903 2577 1001 2639 iopes
1018 2571 1129 2628 menius

113 2645 213 2700 moene
230 2645 279 2701 rb:
309 2643 412 2715 Sinope
433 2643 502 2700 item
525 2645 625 2700 tritum
647 2661 710 2699 curn
728 2642 864 2699 melleet
887 2641 971 2712 adipe
989 2641 1128 2699 anserino.

149 2721 165 2770 2
179 2718 215 2783 rsv
223 2736 268 2770 1111
277 2717 304 2770 d.
320 2719 325 2785 1
340 2716 402 2772 triti
410 2715 606 2771 heminamrd.
644 2721 660 2770 3
674 2714 766 2770 mellis
780 2713 805 2769 si
817 2713 918 2769 libram
927 2730 953 2784 9,
967 2712 1061 2769 mellis
1073 2713 1129 2768 lib-

112 2787 206 2856 rnmd,
220 2786 538 2858 mellissee(melissned)
547 2785 703 2843 libramrd.
731 2787 787 2842 let
799 2784 932 2855 iupnuno
946 2783 1043 2840 induci
1054 2801 1086 2855 y:
1099 2787 1131 2840 ct

112 2857 144 2912 in
157 2857 256 2927 potino
274 2858 377 2914 adduci
394 2859 413 2914 d
431 2859 472 2927 (et
489 2874 582 2929 panno
600 2857 715 2914 induces
732 2858 789 2927 rb).
805 2858 811 2925 1
827 2859 856 2911 et
869 2855 985 2926 pcrti-
995 2857 1039 2911 esi
1055 2856 1128 2926 qrb:

112 2931 278 3000 partemque
296 2946 330 2985 ex
348 2929 513 2986 contusione
531 2928 622 2985 dolori
640 2930 666 2985 d.
721 2933 737 2983 d
757 2931 787 2984 el
803 2928 856 2998 pd:
880 2943 930 2984 om.
949 2926 995 2982 rb.
1050 2933 1130 2982 ore·

111 3000 219 3057 mediol
239 3018 270 3072 9²
298 3001 430 3056 emendet
447 3003 480 3067 d,
507 3000 588 3056 sanat
604 3000 650 3055 rb.
675 3001 679 3068 1
703 3015 846 3070 permissa:
871 2997 983 3054 incussa.
1002 2997 1048 3053 Pl.
1073 2997 1131 3066 (scd

112 3073 147 3140 ef.
167 3074 283 3142 22,138).
334 3078 349 3128 7
369 3071 548 3128 discorticata
566 3072 610 3139 (ex
626 3068 748 3140 plessai)
766 3071 871 3153 paor:
889 3069 1074 3138 desquamata
1092 3069 1129 3124 rb

113 3143 191 3213 (Pl).
209 3146 212 3211 Ι
234 3145 348 3199 sonatur
360 3144 410 3214 pd.
427 3146 432 3213 l
452 3140 698 3212 cornelianica,
717 3139 841 3211 cgnlolii
853 3157 876 3197 r.
923 3145 939 3196 8
959 3139 1131 3196 canusino

112 3217 152 3284 (el
178 3215 248 3270 trito
269 3215 337 3286 imp.
359 3214 416 3282 rb).
486 3220 519 3269 14
544 3214 669 3282 tumores
692 3212 774 3282 (Pl.):
803 3213 932 3267 humores
956 3212 999 3282 qd
1025 3212 1131 3281 (tumor

99 3285 223 3354 *fovetur
247 3288 303 3355 rb).
327 3288 331 3355 Ι
357 3285 458 3342 deinde
480 3286 581 3356 postca.
602 3302 632 3354 p:
660 3283 761 3339 deiude
785 3284 812 3339 d.
837 3284 842 3352 l
867 3299 955 3352 oeque
979 3282 1073 3339 colido
1098 3298 1130 3352 p:

111 3371 188 3425 nqun
205 3357 331 3413 calided
359 3358 424 3412 laec
442 3358 562 3426 omri).
609 3362 643 3413 16
662 3355 722 3412 sive
739 3355 812 3425 prbe
831 3353 869 3409 sil
887 3352 946 3410 sivo
964 3355 991 3410 d.
1039 3360 1072 3410 1⁷
1087 3369 1130 3409 se·

113 3425 197 3481 untur
207 3428 280 3494 pro:
299 3446 328 3482 m
365 3431 428 3483 etur
440 3429 467 3484 d.
513 3428 761 3484 lecancemmatn
777 3426 874 3496 ydor,
893 3426 1070 3482 cancromata
1082 3425 1129 3481 rb.

93 3492 137 3558 sa.
155 3495 300 3550 conicitur
310 3498 420 3554 lineum
434 3501 461 3558 d.
506 3505 539 3555 19
553 3498 688 3556 intinctus
757 3495 908 3554 calefactus
921 3497 985 3566 yde
995 3498 1069 3553 tum
1082 3496 1130 3551 rb.

116 3562 161 3611 20
176 3563 281 3619 crebro
301 3568 422 3641 b(Pl.)=
441 3573 562 3631 cerebro
582 3573 632 3645 qd.
