2416 3900
472 187 711 253 -153-

154 356 228 412 XX„
260 357 309 412 De
332 356 492 411 satureia.

155 472 309 535 satureiae
337 474 430 535 talida
456 476 501 534 vis
525 482 555 536 et
581 493 674 555 prope
702 477 795 555 ignite
816 484 872 537 est.
912 477 991 537 unde

87 562 131 625 illi
153 571 184 626 et
205 580 315 625 nomen
336 562 465 624 inditum
487 563 628 644 eredunt,
656 563 735 644 quod
766 582 878 645 pronos
905 565 993 627 iaciat

86 653 120 713 in
146 668 295 713 venerem.
335 651 402 712 ideo
430 658 461 714 et
487 650 623 733 gravidae
645 651 842 732 prohibentur
869 670 934 714 eam
960 656 992 715 in

88 738 154 803 cibo
178 757 305 802 sumere.
342 758 410 801 nam
429 742 499 802 trita
517 749 548 802 et
565 743 662 802 ventri
681 743 992 823 superpositepartus

60 831 177 891 tetiam
203 836 338 890 mortuos
365 828 456 909 pellit.
497 831 615 891 urinam
637 838 736 892 movet
765 848 801 892 ex
824 832 892 892 vino
914 839 992 910 pota.

86 916 265 999 lethargicos
286 917 414 979 letaliter
441 917 622 980 dormientes
646 921 754 981 excitat
777 922 866 1000 capiti
889 938 993 982 eorum

87 1022 157 1067 eum
174 1014 259 1067 aceto
278 1005 453 1085 frequenter
470 1006 576 1068 infuse.
610 1009 795 1071 stomachum
808 1010 994 1070 nausiantem

85 1093 134 1155 vel
155 1096 187 1155 in
214 1113 270 1155 ovo
297 1103 415 1176 sumpta
436 1095 483 1156 vel
509 1103 580 1176 pota
606 1097 769 1159 confirmet.
806 1104 910 1159 eontra
932 1100 993 1158 ani·

86 1182 175 1244 malie
201 1202 277 1264 quae
301 1184 443 1246 aculeatis
469 1183 580 1246 letibus
608 1187 742 1247 saeviunt
764 1203 824 1245 nun
846 1185 993 1246 inutiliter

47 1281 73 1322 1⁰
86 1258 252 1333 adhibetur.

138 1438 244 1519 lm.
276 1439 325 1494 De
348 1451 461 1507 porro.
1004 1426 1091 1566 232·

154 1554 249 1616 Perre
282 1558 408 1636 capitato
437 1558 473 1618 ad
505 1556 599 1619 multa
626 1558 761 1637 eorporis
787 1558 857 1619 vitia
884 1555 993 1637 Hippe-

87 1651 185 1706 crates
207 1662 282 1705 usus
306 1652 359 1706 est.
397 1663 501 1706 sueum
521 1647 585 1706 eius
609 1647 784 1725 sanguinem
801 1644 994 1707 reicientibus

87 1731 301 1795 etiamsolum
327 1732 491 1796 bibendum
517 1732 612 1815 dedit,
644 1735 777 1812 quamvis
805 1736 899 1795 ceteri
926 1737 1017 1794 eum·

86 1819 163 1901 gella
188 1821 235 1881 vel
262 1824 338 1883 turis
370 1822 464 1884 lerina
495 1821 626 1883 dandum
657 1823 854 1883 censuissent.
894 1821 994 1882 vulvas

46 1916 74 1958 1⁸
87 1916 256 1971 contrectas
274 1911 379 1972 eodem
398 1930 469 1973 suco
488 1909 618 1971 resolvit.
653 1911 752 1990 ipsum
771 1911 859 1972 etiem
878 1911 909 1970 in
927 1909 994 1970 cibe

86 2119 151 2162 eum
171 2120 285 2163 rosaceo
313 2107 377 2162 trita
406 2114 540 2162 tumerem
567 2105 743 2161 articulorum
771 2104 882 2161 tollunt
919 2103 994 2161 ealda

86 2188 118 2245 iu
139 2202 192 2263 que
213 2191 336 2246 eorerint
358 2191 445 2265 capita
466 2190 538 2261 eius,
568 2188 660 2246 loreto
682 2195 762 2263 captu
790 2188 993 2256 freneticorum,

86 2287 214 2330 uenum
236 2272 308 2331 iacit.
344 2290 436 2331 semen
458 2275 516 2331 eius
539 2275 632 2330 tritum
655 2289 715 2329 eum
739 2287 807 2346 equa
829 2271 923 2346 eapitis
946 2270 994 2327 do·

85 2354 175 2415 torem
196 2356 270 2415 tollit
292 2365 320 2414 et
341 2374 466 2415 somnum
488 2358 561 2415 feeit.

460 2459 620 2469 ——--

45 2519 73 2561 ιο
152 2491 276 2553 satureia
297 2494 381 2553 calida
402 2504 445 2552 est
467 2504 494 2551 et
516 2510 603 2570 prope
625 2496 718 2569 ignite.
746 2509 871 2551 venerem
887 2499 991 2549 movet:
1011 2486 1067 2554 (65)

84 2576 150 2635 ideo
176 2578 205 2635 iu
233 2587 314 2636 utero
340 2578 502 2637 habentibus
528 2578 585 2635 dari
611 2579 782 2654 prohibetur.
821 2592 913 2634 semen
935 2578 993 2634 eius

85 2661 182 2719 tritum
210 2678 243 2719 ex
272 2665 334 2720 vino
350 2671 457 2744 'potum
485 2666 589 2720 urinam
611 2671 712 2721 meret.
753 2663 818 2720 lolia
845 2663 903 2718 eius
930 2663 993 2718 trita

86 2760 150 2803 eum
172 2754 250 2804 reete
273 2747 357 2804 tronti
379 2748 502 2805 inlinito:
525 2747 690 2820 lethargicos
705 2748 827 2804 suscitat.
867 2739 915 2822 [ad
937 2753 994 2804 sto·

88 2830 213 2887 melum
237 2847 298 2888 eum
321 2833 383 2888 vino
406 2841 434 2890 et
456 2849 525 2906 aqua
546 2830 621 2888 ealda
642 2830 767 2904 hiltun]
975 2898 994 2933 .

158 3037 174 3085 1
194 3030 324 3088 Setureie
340 3049 366 3102 9.
383 3033 387 3101 l
403 3031 446 3088 vie
465 3035 508 3088 est
525 3035 555 3088 et
571 3051 598 3103 p.
612 3033 631 3088 i.
651 3034 669 3090 l.
724 3033 803 3089 eiiii
821 3036 851 3088 et
867 3050 917 3102 qe:
937 3035 967 3088 et
983 3031 1099 3088 illilrb.

88 3101 232 3174 {ereditur
250 3102 378 3171 tlfeeit
395 3120 418 3159 r.
479 3104 578 3161 tideo
597 3106 627 3160 et
642 3106 708 3175 uel:
731 3104 850 3172 ideoque
867 3104 1100 3174 rt.leemyel=

84 3188 120 3229 eo
137 3174 183 3230 rb.
243 3173 388 3244 supponite
409 3175 522 3243 netem:
551 3175 696 3246 supponite
712 3177 758 3231 rt.
817 3173 939 3243 tpellit
960 3176 1026 3243 yet:
1054 3189 1100 3228 ex·

146 3244 170 3299 't
186 3245 231 3302 rb.
248 3246 365 3310 innovet
382 3261 416 3300 ex
429 3264 456 3302 v.
469 3247 535 3316 ael:
553 3248 650 3301 movet
667 3248 697 3300 et
715 3262 749 3301 ex
766 3263 792 3300 v.
806 3243 852 3298 rb.
901 3250 918 3299 6
936 3243 1101 3315 lithergieoe

95 3314 224 3372 odeliter
242 3315 394 3384 (loetaliter
411 3317 437 3385 e)
455 3333 494 3386 qu
517 3315 704 3388 (lythergieee
723 3312 867 3387 lethaliter
884 3317 917 3384 r).
973 3320 988 3369 'l
1008 3315 1099 3370 neuri-

83 3386 183 3443 eutem
199 3388 244 3443 el:
272 3388 455 3443 nauseantem
472 3403 498 3457 9.
561 3393 657 3440 enon
675 3388 712 3454 (ir)
734 3383 845 3440 utiliter
865 3401 890 3439 v.
955 3390 987 3439 11
1008 3386 1103 3455 eapite

83 3456 123 3539 ud
134 3473 160 3513 e.
176 3456 465 3584 lbippowpolurutee
477 3474 523 3528 qv.
571 3462 604 3511 12
622 3473 720 3512 eueum
738 3455 796 3510 eius
815 3455 879 3525 qvi:
899 3472 1019 3511 meeum
1027 3457 1112 3508 euim

83 3544 208 3585 muer.
