2416 3900
505 111 724 176 „57-

106 277 185 339 aceti
208 275 337 336 sextario
364 276 567 354 imponuntur.
604 274 691 336 haedi
718 275 778 336 lien
800 278 854 335 im-

105 367 225 446 positus
248 363 327 424 idem
344 371 483 443 praestat.
520 363 634 424 radices
662 363 755 425 violae
777 363 855 426 lotae
884 374 989 437 68661.

106 472 143 516 ex
171 459 257 514 aceto
283 450 459 513 inlinuntur.
487 453 604 532 agarici
631 451 710 513 oboli
737 452 796 514 duo
825 455 856 513 in
884 464 989 526 21‚131.

107 550 191 604 aceto
215 540 312 602 mulso
335 543 398 620 poti
419 558 474 620 per
502 542 566 602 dies
589 556 652 602 xxl
676 549 858 603 consumunt
885 552 971 615 6666.

81 646 94 686 6
107 632 225 692 lienem.

175 783 278 856 laceti
296 801 353 869 661
378 793 605 870 imponanturh,
629 801 760 856 -66666,
786 801 791 869 Ι
820 799 916 856 Hehda
931 802 936 867 Ι
952 800 1026 855 6666
1049 799 1123 871 posi·

106 876 153 928 tus
172 871 280 952 (aic)d.
321 870 514 928 tintinantur
527 871 668 942 (Ρ66);
660 889 700 926 nn
720 873 887 942 anunturp,
905 818 1068 926 illiniuntur
1073 873 1122 928 ab.

142 947 230 1012 4per
247 940 367 996 diesm
381 941 494 1012 (viginti
508 943 534 1012 6)
552 943 604 1012 pd:
624 959 674 997 66.
718 943 736 998 t
780 942 852 997 adt
875 943 924 997 hoc
941 943 1006 998 tede
1023 943 1081 998 ioco
1098 944 1124 998 si

107 1014 227 1069 iadicem
240 1013 324 1067 haias
337 1013 404 1067 iibri
416 1028 554 1082 compares
565 1014 735 1068 intercidisse
752 1015 840 1068 6666
857 1013 1031 1068 6666616666
1045 1013 1122 1069 codd.

108 1084 184 1156 966,
203 1089 229 1138 et
242 1083 437 1150 6166661666
454 1085 486 1138 td
499 1086 582 1139 estio
595 1084 717 1138 codicem
730 1089 886 1138 6666666666
899 1085 1020 1139 amotam
1034 1085 1125 1140 orche-

108 1161 181 1226 typo.
200 1169 291 1223 spatas
300 1158 390 1209 661666
398 1154 501 1210 cedema
508 1155 644 1210 cadordo
653 1155 827 1210 twrbotaseat
840 1155 885 1224 (cf.
895 1155 933 1224 9),
947 1160 1028 1224 61666
1036 1171 1126 1211 66666

109 1231 196 1282 totam
213 1229 304 1280 textae
317 1226 470 1293 capitatam
483 1227 623 1280 intercidit
641 1226 674 1280 de
688 1227 839 1280 iamborum
853 1226 944 1280 dolore
958 1228 1049 1295 (6166)
1064 1243 1127 1280 cam

107 1296 284 1367 praefatione
302 1296 366 1364 (XV)
386 1295 420 1350 de
439 1296 512 1351 sedis
530 1295 641 1351 vitiis
628 1313 661 1350 66
677 1297 843 1354 universam.
866 1297 900 1364 cf.
920 1306 945 1365 1,
964 1302 1007 1353 26.
1196 1356 1197 1360 ,

181 1368 281 1422 titulos
299 1368 406 1421 abest'
394 1385 427 1422 aa
444 1369 520 1422 codd.
548 1366 671 1422 Defunct
658 1369 702 1422 tos
721 1367 801 1422 obrui
825 1368 935 1437 oportet
952 1368 1003 1437 pb:
1027 1383 1076 1423 om.
1096 1369 1125 1423 ct.

109 1438 245 1494 aimirwm
258 1439 388 1495 6666666666
401 1439 513 1493 initiam
527 1439 645 1507 capitati
657 1439 832 1506 manifestam
845 1443 884 1493 est
893 1439 937 1508 (cf.
954 1439 1030 1493 Ρ66.
1045 1444 1079 1492 30
1082 1444 1127 1505 ,64

113 1509 184 1564 Sunt
198 1508 337 1564 occulti..
348 1511 379 1579 .)·
397 1526 463 1565 raom
481 1510 522 1564 sic
539 1525 572 1563 66
589 1510 678 1563 vertis
695 1526 765 1579 qaae
778 1511 948 1578 6666666666
966 1511 1043 1579 apud
1063 1510 1123 1564 Pti-

111 1582 191 1635 eee'am
209 1581 314 1649 aliquot
330 1585 507 1636 6666666661
523 1581 574 1650 pb:
602 1579 755 1635 Defunctos
779 1579 858 1635 obrui
881 1581 992 1650 oportet
1013 1596 1125 1650 vesper-

111 1650 220 1705 tilionis
247 1646 388 1732 sepgaine'
409 1654 507 1706 venter
534 1652 606 1706 cont.
630 1655 678 1707 etc.
700 1667 719 1721 9
745 1650 979 1721 (vespertiliones,
1007 1668 1126 1720 quorum

111 1720 248 1792 sanguine
267 1720 293 1776 si
309 1723 408 1778 venter
426 1721 512 1778 haerit
530 1721 714 1777 contactus..
727 1723 783 1790 ..6)

180 2008 315 2091 (m.
338 1972 553 2074 Luaraborum
576 2009 716 2092 dolori>

177 2136 323 2192 hcinorum
338 2137 479 2207 nigrorum
495 2136 553 2192 suci
568 2136 682 2208 cyathus
705 2151 775 2190 unus
797 2149 858 2189 666]
895 2138 979 2199 2668.

109 2219 216 2276 mulsae
238 2219 342 2294 cyathis
366 2218 451 2276 trihus
477 2220 556 2292 potui
577 2219 654 2274 datus
682 2218 789 2274 lumbos
811 2215 859 2271 do·

109 2305 204 2362 lentes
227 2313 312 2360 sanat.
349 2303 438 2360 inulae
454 2303 583 2359 foliorum
604 2305 659 2360 sive
681 2303 779 2359 radicis
800 2299 860 2375 pui-
895 2305 979 2368 20,38.

110 2389 185 2445 veris
212 2387 316 2444 denarii
345 2388 400 2444 duo
429 2404 461 2444 ex
488 2389 541 2444 vini
573 2387 671 2462 cyatho
701 2403 755 2444 uno
783 2385 861 2441 bibiti

71 2485 98 2526 to
112 2472 268 2530 emendant.
306 2473 459 2545 pastinacae
475 2471 571 2528 radicis
588 2474 645 2528 sive
668 2472 779 2527 seminis
800 2469 859 2526 defi.
896 2475 981 2537 20,31.

110 2557 216 2614 1111in
238 2573 306 2630 aqua
328 2556 416 2612 mulsa
438 2555 544 2613 decocti
568 2565 596 2612 et
617 2557 695 2630 potui
717 2555 771 2610 dati
792 2555 861 2611 lum·

109 2640 212 2698 horum
235 2648 264 2697 et
285 2657 382 2698 renum
398 2641 460 2696 vitia
483 2639 634 2697 emendant.
671 2641 746 2712 porri
768 2641 861 2696 sectivi
897 2643 980 2706 20‚46.

109 2741 196 2781 sucus
218 2724 252 2780 ad
275 2726 388 2799 cyathos
410 2724 510 2781 duos
502 2739 529 2780 111
552 2725 606 2780 vini
627 2723 748 2802 cyathis
755 2722 861 2780 duohus

109 2808 217 2866 hibitus
242 2811 300 2867 sine
328 2825 403 2865 mora
432 2818 518 2864 sanat.
563 2809 688 2884 asparagi
716 2823 807 2864 semen
835 2816 863 2866 et
898 2812 1000 2876 20108

68 2908 96 2950 ra
109 2893 214 2968 cymird
228 2894 287 2974 pari
308 2893 430 2967 pondere
446 2894 539 2948 tritum
561 2901 636 2948 etex
658 2894 719 2950 vino
736 2892 778 2949 vel
793 2909 863 2968 aqua

109 2977 200 3037 calida
215 2978 295 3051 potui
316 2977 408 3034 datum
422 2977 555 3033 emendat.
587 2979 639 3052 apii
661 2978 757 3034 radicis
780 2995 862 3034 sucus
899 2980 999 3042 20‚115.

108 3061 144 3120 ad
168 3061 285 3136 cyathos
313 3061 382 3117 duos
405 3078 437 3118 er
465 3062 518 3117 vini
545 3062 648 3135 cyathis
671 3060 757 3119 trihus
784 3063 862 3136 potui

108 3146 193 3203 datus
214 3145 338 3219 prodest.
374 3145 487 3202 olusatri
507 3145 581 3202 radix
602 3148 630 3202 in
652 3148 715 3203 vinc
737 3147 863 3219 coquitur
898 3147 999 3209 20‚117.

185 3318 203 3368 6
217 3311 268 3366 Ao.
283 3310 426 3382 nigrorum
439 3327 475 3368 so.
489 3312 622 3382 strychni.
673 3317 688 3364 'i
703 3309 810 3364 duobus
826 3306 870 3362 Pl.
921 3312 937 3360 9
952 3306 1015 3362 dari.
1024 3325 1054 3361 11.
1068 3322 1091 3360 r.

107 3391 145 3441 10
162 3381 323 3438 inlinunhu
337 3383 383 3438 Pi.
448 3389 482 3439 to
495 3384 603 3439 radices
614 3423 620 3436 .
632 3424 638 3436 .
650 3422 655 3435 .
666 3395 776 3434 samen.
789 3421 811 3432 ..
823 3378 973 3434 decocta..
985 3377 1069 3433 ‚deta
1082 3377 1128 3432 rh.

148 3459 183 3511 17
203 3469 252 3508 ex:
271 3454 301 3508 at
316 3454 360 3508 66.
416 3459 450 3510 18
465 3453 580 3510 oleastri
592 3452 629 3506 rh
648 3453 727 3521 (corr.
747 3465 780 3503 66
800 3449 857 3518 Pl.)
