<?xml version="1.0" encoding="UTF-8"?>
<!DOCTYPE html PUBLIC "-//W3C//DTD XHTML 1.0 Transitional//EN"
    "http://www.w3.org/TR/xhtml1/DTD/xhtml1-transitional.dtd">
<html xmlns="http://www.w3.org/1999/xhtml" xml:lang="en" lang="en">
 <head>
  <title>
</title>
<meta http-equiv="Content-Type" content="text/html;charset=utf-8" />
  <meta name='ocr-system' content='tesseract 3.04.00' />
  <meta name='ocr-capabilities' content='ocr_page ocr_carea ocr_par ocr_line ocrx_word'/>
</head>
<body>
  <div class='ocr_page' id='page_1' title='image "./pliniisecundiqu02plingoog_0191.png"; bbox 0 0 2416 3900; ppageno 0'>
   <div class='ocr_carea' id='block_1_1' title="bbox 473 172 714 238">
    <p class='ocr_par' dir='ltr' id='par_1_1' title="bbox 473 172 714 238">
     <span class='ocr_line' id='line_1_1' title="bbox 473 172 714 238; baseline 0.017 -3"><span class='ocrx_word' id='word_1_1' title='bbox 473 172 714 238; x_wconf 84' lang='lat'>-188—</span> 
     </span>
    </p>
   </div>
   <div class='ocr_carea' id='block_1_2' title="bbox 262 347 647 464">
    <p class='ocr_par' dir='ltr' id='par_1_2' title="bbox 262 347 647 464">
     <span class='ocr_line' id='line_1_2' title="bbox 262 347 647 464; baseline -0.003 -12"><span class='ocrx_word' id='word_1_2' title='bbox 262 394 402 452; x_wconf 72' lang='lat' dir='ltr'><strong>xum.</strong></span> <span class='ocrx_word' id='word_1_3' title='bbox 434 347 483 452; x_wconf 73' lang='lat' dir='ltr'><strong>De</strong></span> <span class='ocrx_word' id='word_1_4' title='bbox 505 394 647 464; x_wconf 83' lang='lat' dir='ltr'><strong>persico.</strong></span> 
     </span>
    </p>
   </div>
   <div class='ocr_carea' id='block_1_3' title="bbox 47 505 1140 1921">
    <p class='ocr_par' dir='ltr' id='par_1_3' title="bbox 47 505 1140 1921">
     <span class='ocr_line' id='line_1_3' title="bbox 112 505 1103 593; baseline -0.004 -18"><span class='ocrx_word' id='word_1_5' title='bbox 112 505 174 562; x_wconf 65' lang='lat' dir='ltr'><strong>Gal·</strong></span> <span class='ocrx_word' id='word_1_6' title='bbox 264 513 455 575; x_wconf 80' lang='lat' dir='ltr'><strong>Persicorum</strong></span> <span class='ocrx_word' id='word_1_7' title='bbox 478 513 562 574; x_wconf 90' lang='lat' dir='ltr'><strong>cibus</strong></span> <span class='ocrx_word' id='word_1_8' title='bbox 584 521 632 574; x_wconf 89' lang='lat' dir='ltr'><strong>est</strong></span> <span class='ocrx_word' id='word_1_9' title='bbox 658 511 778 592; x_wconf 88' lang='lat' dir='ltr'><strong>quidem</strong></span> <span class='ocrx_word' id='word_1_10' title='bbox 801 511 952 573; x_wconf 80' lang='lat' dir='ltr'><strong>stomacho</strong></span> <span class='ocrx_word' id='word_1_11' title='bbox 979 511 1103 593; x_wconf 88' lang='lat' dir='ltr'><strong>inutilis,</strong></span> 
     </span>
     <span class='ocr_line' id='line_1_4' title="bbox 93 583 1104 682; baseline -0.005 -18"><span class='ocrx_word' id='word_1_12' title='bbox 93 583 232 664; x_wconf 60' lang='lat' dir='ltr'><strong>W’meo</strong></span> <span class='ocrx_word' id='word_1_13' title='bbox 255 601 335 682; x_wconf 89' lang='lat' dir='ltr'><strong>quod</strong></span> <span class='ocrx_word' id='word_1_14' title='bbox 359 605 417 663; x_wconf 86' lang='lat' dir='ltr'><strong>cito</strong></span> <span class='ocrx_word' id='word_1_15' title='bbox 441 621 532 664; x_wconf 89' lang='lat' dir='ltr'><strong>sucus</strong></span> <span class='ocrx_word' id='word_1_16' title='bbox 554 604 619 663; x_wconf 90' lang='lat' dir='ltr'><strong>eius</strong></span> <span class='ocrx_word' id='word_1_17' title='bbox 641 604 790 662; x_wconf 81' lang='lat' dir='ltr'><strong>inanescat</strong></span> <span class='ocrx_word' id='word_1_18' title='bbox 809 609 840 662; x_wconf 93' lang='lat' dir='ltr'><strong>et</strong></span> <span class='ocrx_word' id='word_1_19' title='bbox 862 618 930 661; x_wconf 86' lang='lat' dir='ltr'><strong>caro</strong></span> <span class='ocrx_word' id='word_1_20' title='bbox 954 617 1048 678; x_wconf 90' lang='lat' dir='ltr'><strong>aeque</strong></span> <span class='ocrx_word' id='word_1_21' title='bbox 1071 601 1104 660; x_wconf 91' lang='lat' dir='ltr'><strong>in</strong></span> 
     </span>
     <span class='ocr_line' id='line_1_5' title="bbox 103 689 1103 772; baseline -0.004 -20"><span class='ocrx_word' id='word_1_22' title='bbox 103 710 106 718; x_wconf 72' lang='grc'>’</span> <span class='ocrx_word' id='word_1_23' title='bbox 196 692 359 771; x_wconf 82' lang='lat' dir='ltr'>digestione</span> <span class='ocrx_word' id='word_1_24' title='bbox 382 693 517 772; x_wconf 82' lang='lat' dir='ltr'><strong>vitietur,</strong></span> <span class='ocrx_word' id='word_1_25' title='bbox 540 709 644 752; x_wconf 89' lang='lat' dir='ltr'><strong>verum</strong></span> <span class='ocrx_word' id='word_1_26' title='bbox 665 691 787 750; x_wconf 89' lang='lat' dir='ltr'><strong>minime</strong></span> <span class='ocrx_word' id='word_1_27' title='bbox 810 691 921 770; x_wconf 87' lang='lat' dir='ltr'><strong>gravis,</strong></span> <span class='ocrx_word' id='word_1_28' title='bbox 948 689 1020 750; x_wconf 96' lang='lat' dir='ltr'><strong>dum</strong></span> <span class='ocrx_word' id='word_1_29' title='bbox 1042 706 1103 748; x_wconf 91' lang='lat' dir='ltr'><strong>non</strong></span> 
     </span>
     <span class='ocr_line' id='line_1_6' title="bbox 195 777 1102 857; baseline -0.002 -17"><span class='ocrx_word' id='word_1_30' title='bbox 195 779 308 840; x_wconf 76' lang='lat' dir='ltr'><strong>diutim</strong></span> <span class='ocrx_word' id='word_1_31' title='bbox 325 781 358 840; x_wconf 96' lang='lat' dir='ltr'><strong>iu</strong></span> <span class='ocrx_word' id='word_1_32' title='bbox 380 781 531 841; x_wconf 79' lang='lat' dir='ltr'><strong>intestinis</strong></span> <span class='ocrx_word' id='word_1_33' title='bbox 549 787 682 841; x_wconf 90' lang='lat' dir='ltr'><strong>moratur</strong></span> <span class='ocrx_word' id='word_1_34' title='bbox 701 785 732 839; x_wconf 93' lang='lat' dir='ltr'><strong>et</strong></span> <span class='ocrx_word' id='word_1_35' title='bbox 751 777 786 838; x_wconf 94' lang='lat' dir='ltr'><strong>ad</strong></span> <span class='ocrx_word' id='word_1_36' title='bbox 804 781 864 840; x_wconf 90' lang='lat' dir='ltr'><strong>ima</strong></span> <span class='ocrx_word' id='word_1_37' title='bbox 882 795 1001 857; x_wconf 85' lang='lat' dir='ltr'><strong>semper</strong></span> <span class='ocrx_word' id='word_1_38' title='bbox 1020 778 1102 838; x_wconf 82' lang='lat' dir='ltr'><strong>exitu</strong></span> 
     </span>
     <span class='ocr_line' id='line_1_7' title="bbox 123 861 1129 948; baseline -0.004 -20"><span class='ocrx_word' id='word_1_39' title='bbox 123 861 160 918; x_wconf 65' lang='lat' dir='ltr'><strong>sb·</strong></span> <span class='ocrx_word' id='word_1_40' title='bbox 197 867 340 928; x_wconf 87' lang='lat' dir='ltr'><strong>celeriore</strong></span> <span class='ocrx_word' id='word_1_41' title='bbox 368 868 497 929; x_wconf 84' lang='lat' dir='ltr'><strong>festinat.</strong></span> <span class='ocrx_word' id='word_1_42' title='bbox 532 885 702 948; x_wconf 90' lang='lat' dir='ltr'><strong>praecoqua</strong></span> <span class='ocrx_word' id='word_1_43' title='bbox 724 875 828 928; x_wconf 67' lang='lat' dir='ltr'><strong>tamen*</strong></span> <span class='ocrx_word' id='word_1_44' title='bbox 850 874 880 927; x_wconf 90' lang='lat' dir='ltr'><strong>et</strong></span> <span class='ocrx_word' id='word_1_45' title='bbox 907 867 1038 927; x_wconf 88' lang='lat' dir='ltr'><strong>armenia</strong></span> <span class='ocrx_word' id='word_1_46' title='bbox 1061 864 1129 926; x_wconf 79' lang='lat' dir='ltr'><strong>les</strong></span> 
     </span>
     <span class='ocr_line' id='line_1_8' title="bbox 92 937 1103 1035; baseline -0.002 -19"><span class='ocrx_word' id='word_1_47' title='bbox 92 937 277 1016; x_wconf 67' lang='lat' dir='ltr'><strong>W’593uiora</strong></span> <span class='ocrx_word' id='word_1_48' title='bbox 305 963 383 1018; x_wconf 91' lang='lat' dir='ltr'><strong>suut.</strong></span> <span class='ocrx_word' id='word_1_49' title='bbox 424 958 523 1018; x_wconf 89' lang='lat' dir='ltr'><strong>minus</strong></span> <span class='ocrx_word' id='word_1_50' title='bbox 549 959 581 1016; x_wconf 95' lang='lat' dir='ltr'><strong>in</strong></span> <span class='ocrx_word' id='word_1_51' title='bbox 608 956 654 1017; x_wconf 89' lang='lat' dir='ltr'><strong>bis</strong></span> <span class='ocrx_word' id='word_1_52' title='bbox 687 955 810 1017; x_wconf 83' lang='lat' dir='ltr'><strong>offendit</strong></span> <span class='ocrx_word' id='word_1_53' title='bbox 841 954 921 1034; x_wconf 89' lang='lat' dir='ltr'><strong>quod</strong></span> <span class='ocrx_word' id='word_1_54' title='bbox 953 972 1044 1035; x_wconf 89' lang='lat' dir='ltr'><strong>supra</strong></span> <span class='ocrx_word' id='word_1_55' title='bbox 1071 956 1103 1015; x_wconf 92' lang='lat' dir='ltr'><strong>iu</strong></span> 
     </span>
     <span class='ocr_line' id='line_1_9' title="bbox 194 1043 1102 1125; baseline -0.001 -21"><span class='ocrx_word' id='word_1_56' title='bbox 194 1043 357 1105; x_wconf 90' lang='lat' dir='ltr'><strong>maioribus</strong></span> <span class='ocrx_word' id='word_1_57' title='bbox 373 1046 500 1125; x_wconf 78' lang='lat' dir='ltr'><strong>persicis</strong></span> <span class='ocrx_word' id='word_1_58' title='bbox 519 1046 731 1106; x_wconf 86' lang='lat' dir='ltr'><strong>adnotavimus.</strong></span> <span class='ocrx_word' id='word_1_59' title='bbox 766 1051 797 1104; x_wconf 93' lang='lat' dir='ltr'><strong>et</strong></span> <span class='ocrx_word' id='word_1_60' title='bbox 816 1053 916 1105; x_wconf 91' lang='lat' dir='ltr'><strong>tamen</strong></span> <span class='ocrx_word' id='word_1_61' title='bbox 933 1061 1102 1123; x_wconf 86' lang='lat' dir='ltr'><strong>praecoqua</strong></span> 
     </span>
     <span class='ocr_line' id='line_1_10' title="bbox 194 1130 1102 1214; baseline -0.003 -20"><span class='ocrx_word' id='word_1_62' title='bbox 194 1132 231 1194; x_wconf 93' lang='lat' dir='ltr'><strong>ad</strong></span> <span class='ocrx_word' id='word_1_63' title='bbox 246 1132 404 1195; x_wconf 78' lang='lat' dir='ltr'><strong>utilitatem</strong></span> <span class='ocrx_word' id='word_1_64' title='bbox 422 1135 557 1214; x_wconf 91' lang='lat' dir='ltr'><strong>corporis</strong></span> <span class='ocrx_word' id='word_1_65' title='bbox 577 1135 716 1194; x_wconf 89' lang='lat' dir='ltr'><strong>armeniis</strong></span> <span class='ocrx_word' id='word_1_66' title='bbox 731 1131 919 1193; x_wconf 89' lang='lat' dir='ltr'><strong>antecedunt.</strong></span> <span class='ocrx_word' id='word_1_67' title='bbox 946 1130 1014 1192; x_wconf 94' lang='lat' dir='ltr'><strong>ideo</strong></span> <span class='ocrx_word' id='word_1_68' title='bbox 1028 1131 1102 1192; x_wconf 90' lang='lat' dir='ltr'><strong>haee</strong></span> 
     </span>
     <span class='ocr_line' id='line_1_11' title="bbox 194 1219 1103 1302; baseline -0.003 -20"><span class='ocrx_word' id='word_1_69' title='bbox 194 1223 284 1283; x_wconf 94' lang='lat' dir='ltr'><strong>etiam</strong></span> <span class='ocrx_word' id='word_1_70' title='bbox 302 1223 398 1301; x_wconf 84' lang='lat' dir='ltr'><strong>aegris</strong></span> <span class='ocrx_word' id='word_1_71' title='bbox 416 1223 538 1283; x_wconf 92' lang='lat' dir='ltr'><strong>interim</strong></span> <span class='ocrx_word' id='word_1_72' title='bbox 556 1221 620 1282; x_wconf 91' lang='lat' dir='ltr'><strong>dari</strong></span> <span class='ocrx_word' id='word_1_73' title='bbox 637 1229 777 1302; x_wconf 81' lang='lat' dir='ltr'><strong>possunt,</strong></span> <span class='ocrx_word' id='word_1_74' title='bbox 795 1219 1010 1300; x_wconf 88' lang='lat' dir='ltr'><strong>quorumdum</strong></span> <span class='ocrx_word' id='word_1_75' title='bbox 1024 1227 1103 1281; x_wconf 84' lang='lat' dir='ltr'><strong>taxat</strong></span> 
     </span>
     <span class='ocr_line' id='line_1_12' title="bbox 195 1310 1140 1390; baseline -0.003 -18"><span class='ocrx_word' id='word_1_76' title='bbox 195 1310 330 1372; x_wconf 88' lang='lat' dir='ltr'><strong>condicio</strong></span> <span class='ocrx_word' id='word_1_77' title='bbox 352 1312 531 1390; x_wconf 88' lang='lat' dir='ltr'><strong>permiserit.</strong></span> <span class='ocrx_word' id='word_1_78' title='bbox 1115 1324 1140 1363; x_wconf 76' lang='grc' dir='ltr'><strong>ιο</strong></span> 
     </span>
     <span class='ocr_line' id='line_1_13' title="bbox 260 1396 1102 1478; baseline -0.004 -19"><span class='ocrx_word' id='word_1_79' title='bbox 260 1398 451 1460; x_wconf 78' lang='lat' dir='ltr'><strong>Persicorum</strong></span> <span class='ocrx_word' id='word_1_80' title='bbox 483 1398 568 1460; x_wconf 87' lang='lat' dir='ltr'><strong>cibus</strong></span> <span class='ocrx_word' id='word_1_81' title='bbox 604 1406 729 1478; x_wconf 90' lang='lat' dir='ltr'><strong>negatur</strong></span> <span class='ocrx_word' id='word_1_82' title='bbox 761 1415 778 1458; x_wconf 92' lang='lat' dir='ltr'><strong>a</strong></span> <span class='ocrx_word' id='word_1_83' title='bbox 808 1399 933 1459; x_wconf 90' lang='lat' dir='ltr'><strong>medicis</strong></span> <span class='ocrx_word' id='word_1_84' title='bbox 969 1396 1102 1457; x_wconf 91' lang='lat' dir='ltr'><strong>membra</strong></span> 
     </span>
     <span class='ocr_line' id='line_1_14' title="bbox 106 1485 1101 1566; baseline -0.006 -15"><span class='ocrx_word' id='word_1_85' title='bbox 106 1495 168 1553; x_wconf 79' lang='lat' dir='ltr'><strong>Gal.</strong></span> <span class='ocrx_word' id='word_1_86' title='bbox 193 1490 318 1549; x_wconf 84' lang='lat' dir='ltr'><strong>nutrire.</strong></span> <span class='ocrx_word' id='word_1_87' title='bbox 355 1487 484 1548; x_wconf 87' lang='lat' dir='ltr'><strong>Galenus</strong></span> <span class='ocrx_word' id='word_1_88' title='bbox 506 1488 611 1549; x_wconf 82' lang='lat' dir='ltr'><strong>suadet</strong></span> <span class='ocrx_word' id='word_1_89' title='bbox 638 1504 800 1566; x_wconf 89' lang='lat' dir='ltr'><strong>numquam</strong></span> <span class='ocrx_word' id='word_1_90' title='bbox 825 1494 895 1566; x_wconf 93' lang='lat' dir='ltr'><strong>post</strong></span> <span class='ocrx_word' id='word_1_91' title='bbox 917 1485 1017 1547; x_wconf 89' lang='lat' dir='ltr'><strong>cibum</strong></span> <span class='ocrx_word' id='word_1_92' title='bbox 1041 1503 1101 1546; x_wconf 92' lang='lat' dir='ltr'><strong>om-</strong></span> 
     </span>
     <span class='ocr_line' id='line_1_15' title="bbox 91 1574 1102 1656; baseline 0.016 -38"><span class='ocrx_word' id='word_1_93' title='bbox 91 1575 270 1653; x_wconf 68' lang='lat' dir='ltr'><strong>rcttssnino</strong></span> <span class='ocrx_word' id='word_1_94' title='bbox 303 1593 435 1656; x_wconf 87' lang='lat' dir='ltr'><strong>sumere,</strong></span> <span class='ocrx_word' id='word_1_95' title='bbox 467 1577 620 1655; x_wconf 90' lang='lat' dir='ltr'><strong>corrumpi</strong></span> <span class='ocrx_word' id='word_1_96' title='bbox 651 1574 809 1636; x_wconf 87' lang='lat' dir='ltr'><strong>adfirmans</strong></span> <span class='ocrx_word' id='word_1_97' title='bbox 833 1577 859 1636; x_wconf 92' lang='lat' dir='ltr'><strong>si</strong></span> <span class='ocrx_word' id='word_1_98' title='bbox 886 1574 960 1636; x_wconf 88' lang='lat' dir='ltr'><strong>cibis</strong></span> <span class='ocrx_word' id='word_1_99' title='bbox 993 1576 1102 1635; x_wconf 87' lang='lat' dir='ltr'><strong>ceteris</strong></span> 
     </span>
     <span class='ocr_line' id='line_1_16' title="bbox 47 1663 1101 1743; baseline -0.009 -11"><span class='ocrx_word' id='word_1_100' title='bbox 47 1726 49 1732; x_wconf 13' lang='lat' dir='ltr'><strong>a</strong></span> <span class='ocrx_word' id='word_1_101' title='bbox 109 1673 172 1728; x_wconf 80' lang='lat' dir='ltr'><strong>Gal.</strong></span> <span class='ocrx_word' id='word_1_102' title='bbox 195 1665 344 1725; x_wconf 88' lang='lat' dir='ltr'><strong>innatarit.</strong></span> <span class='ocrx_word' id='word_1_103' title='bbox 380 1663 451 1724; x_wconf 85' lang='lat' dir='ltr'><strong>lolia</strong></span> <span class='ocrx_word' id='word_1_104' title='bbox 472 1666 660 1743; x_wconf 88' lang='lat' dir='ltr'><strong>persicorum</strong></span> <span class='ocrx_word' id='word_1_105' title='bbox 688 1667 758 1725; x_wconf 90' lang='lat' dir='ltr'><strong>trita</strong></span> <span class='ocrx_word' id='word_1_106' title='bbox 780 1671 811 1725; x_wconf 93' lang='lat' dir='ltr'><strong>et</strong></span> <span class='ocrx_word' id='word_1_107' title='bbox 837 1665 966 1743; x_wconf 90' lang='lat' dir='ltr'><strong>inposita</strong></span> <span class='ocrx_word' id='word_1_108' title='bbox 988 1665 1101 1723; x_wconf 86' lang='lat' dir='ltr'><strong>ventris</strong></span> 
     </span>
     <span class='ocr_line' id='line_1_17' title="bbox 85 1751 1140 1832; baseline -0.006 -20"><span class='ocrx_word' id='word_1_109' title='bbox 85 1751 327 1812; x_wconf 61' lang='lat' dir='ltr'><strong>new-animalia</strong></span> <span class='ocrx_word' id='word_1_110' title='bbox 354 1755 506 1832; x_wconf 89' lang='lat' dir='ltr'><strong>perimunt</strong></span> <span class='ocrx_word' id='word_1_111' title='bbox 529 1760 560 1813; x_wconf 93' lang='lat' dir='ltr'><strong>et</strong></span> <span class='ocrx_word' id='word_1_112' title='bbox 582 1752 741 1832; x_wconf 89' lang='lat' dir='ltr'><strong>expellunt.</strong></span> <span class='ocrx_word' id='word_1_113' title='bbox 778 1753 882 1813; x_wconf 89' lang='lat' dir='ltr'><strong>cadem</strong></span> <span class='ocrx_word' id='word_1_114' title='bbox 905 1754 984 1813; x_wconf 93' lang='lat' dir='ltr'><strong>sicca</strong></span> <span class='ocrx_word' id='word_1_115' title='bbox 1012 1758 1100 1830; x_wconf 87' lang='lat' dir='ltr'><strong>atque</strong></span> <span class='ocrx_word' id='word_1_116' title='bbox 1114 1766 1140 1806; x_wconf 80' lang='lat' dir='ltr'><strong>rs</strong></span> 
     </span>
     <span class='ocr_line' id='line_1_18' title="bbox 131 1840 1101 1921; baseline -0.001 -21"><span class='ocrx_word' id='word_1_117' title='bbox 131 1858 146 1891; x_wconf 70' lang='lat' dir='ltr'><strong>a</strong></span> <span class='ocrx_word' id='word_1_118' title='bbox 195 1842 227 1901; x_wconf 96' lang='lat' dir='ltr'><strong>in</strong></span> <span class='ocrx_word' id='word_1_119' title='bbox 249 1840 403 1921; x_wconf 88' lang='lat' dir='ltr'><strong>pulverem</strong></span> <span class='ocrx_word' id='word_1_120' title='bbox 425 1849 513 1902; x_wconf 90' lang='lat' dir='ltr'><strong>tunsa</strong></span> <span class='ocrx_word' id='word_1_121' title='bbox 535 1848 673 1902; x_wconf 90' lang='lat' dir='ltr'><strong>recentes</strong></span> <span class='ocrx_word' id='word_1_122' title='bbox 699 1840 799 1921; x_wconf 83' lang='lat' dir='ltr'><strong>plagas</strong></span> <span class='ocrx_word' id='word_1_123' title='bbox 823 1847 1017 1920; x_wconf 87' lang='lat' dir='ltr'><strong>cruentorum</strong></span> <span class='ocrx_word' id='word_1_124' title='bbox 1039 1840 1101 1901; x_wconf 93' lang='lat' dir='ltr'><strong>vul·</strong></span> 
     </span>
    </p>
   </div>
   <div class='ocr_carea' id='block_1_4' title="bbox 94 1904 1102 2044">
    <p class='ocr_par' dir='ltr' id='par_1_4' title="bbox 94 1904 1102 2044">
     <span class='ocr_line' id='line_1_19' title="bbox 94 1904 1102 2044; baseline -0.007 -50"><span class='ocrx_word' id='word_1_125' title='bbox 94 1904 181 2044; x_wconf 44' lang='lat'>23⁸7.</span> <span class='ocrx_word' id='word_1_126' title='bbox 197 1947 305 1990; x_wconf 90' lang='lat' dir='ltr'><strong>nerum</strong></span> <span class='ocrx_word' id='word_1_127' title='bbox 323 1930 476 1990; x_wconf 91' lang='lat' dir='ltr'><strong>claudunt.</strong></span> <span class='ocrx_word' id='word_1_128' title='bbox 513 1928 637 1990; x_wconf 91' lang='lat' dir='ltr'><strong>nucleus</strong></span> <span class='ocrx_word' id='word_1_129' title='bbox 659 1931 851 2027; x_wconf 88' lang='lat' dir='ltr'><strong>persicorum</strong></span> <span class='ocrx_word' id='word_1_130' title='bbox 879 1931 983 2008; x_wconf 86' lang='lat' dir='ltr'><strong>capitis</strong></span> <span class='ocrx_word' id='word_1_131' title='bbox 1006 1927 1102 1988; x_wconf 93' lang='lat' dir='ltr'><strong>dolori</strong></span> 
     </span>
    </p>
   </div>
   <div class='ocr_carea' id='block_1_5' title="bbox 191 2166 1140 2757">
    <p class='ocr_par' dir='ltr' id='par_1_5' title="bbox 191 2166 1140 2757">
     <span class='ocr_line' id='line_1_20' title="bbox 191 2166 1102 2252; baseline 0.001 -19"><span class='ocrx_word' id='word_1_132' title='bbox 191 2184 296 2234; x_wconf 88' lang='lat' dir='ltr'><strong>matura</strong></span> <span class='ocrx_word' id='word_1_133' title='bbox 323 2166 448 2234; x_wconf 87' lang='lat' dir='ltr'><strong>coeliacis</strong></span> <span class='ocrx_word' id='word_1_134' title='bbox 475 2185 504 2233; x_wconf 86' lang='lat' dir='ltr'><strong>et</strong></span> <span class='ocrx_word' id='word_1_135' title='bbox 525 2176 703 2251; x_wconf 82' lang='lat' dir='ltr'><strong>dysentericis</strong></span> <span class='ocrx_word' id='word_1_136' title='bbox 723 2186 751 2234; x_wconf 88' lang='lat' dir='ltr'><strong>et</strong></span> <span class='ocrx_word' id='word_1_137' title='bbox 779 2179 938 2252; x_wconf 86' lang='lat' dir='ltr'><strong>sangninem</strong></span> <span class='ocrx_word' id='word_1_138' title='bbox 965 2178 1102 2235; x_wconf 88' lang='lat' dir='ltr'><strong>reicienti-</strong></span> 
     </span>
     <span class='ocr_line' id='line_1_21' title="bbox 193 2260 1101 2335; baseline 0.002 -18"><span class='ocrx_word' id='word_1_139' title='bbox 193 2260 244 2318; x_wconf 87' lang='lat' dir='ltr'><strong>bus</strong></span> <span class='ocrx_word' id='word_1_140' title='bbox 266 2269 384 2334; x_wconf 86' lang='lat' dir='ltr'><strong>prosnnt</strong></span> <span class='ocrx_word' id='word_1_141' title='bbox 404 2261 432 2316; x_wconf 91' lang='lat' dir='ltr'><strong>in</strong></span> <span class='ocrx_word' id='word_1_142' title='bbox 453 2261 513 2318; x_wconf 88' lang='lat' dir='ltr'><strong>cibo</strong></span> <span class='ocrx_word' id='word_1_143' title='bbox 535 2269 650 2335; x_wconf 87' lang='lat' dir='ltr'><strong>sumpta.</strong></span> <span class='ocrx_word' id='word_1_144' title='bbox 687 2270 764 2319; x_wconf 88' lang='lat' dir='ltr'><strong>cocta</strong></span> <span class='ocrx_word' id='word_1_145' title='bbox 786 2262 814 2318; x_wconf 93' lang='lat' dir='ltr'><strong>in</strong></span> <span class='ocrx_word' id='word_1_146' title='bbox 829 2263 919 2319; x_wconf 89' lang='lat' dir='ltr'><strong>cinere</strong></span> <span class='ocrx_word' id='word_1_147' title='bbox 942 2261 1030 2318; x_wconf 91' lang='lat' dir='ltr'><strong>calido</strong></span> <span class='ocrx_word' id='word_1_148' title='bbox 1053 2262 1101 2319; x_wconf 93' lang='lat' dir='ltr'><strong>ob·</strong></span> 
     </span>
     <span class='ocr_line' id='line_1_22' title="bbox 192 2344 1140 2403; baseline -0.001 -2"><span class='ocrx_word' id='word_1_149' title='bbox 192 2344 285 2401; x_wconf 86' lang='lat' dir='ltr'><strong>voluta</strong></span> <span class='ocrx_word' id='word_1_150' title='bbox 300 2345 328 2401; x_wconf 91' lang='lat' dir='ltr'><strong>in</strong></span> <span class='ocrx_word' id='word_1_151' title='bbox 350 2345 436 2402; x_wconf 88' lang='lat' dir='ltr'><strong>iarina</strong></span> <span class='ocrx_word' id='word_1_152' title='bbox 451 2344 550 2402; x_wconf 86' lang='lat' dir='ltr'><strong>dantur</strong></span> <span class='ocrx_word' id='word_1_153' title='bbox 570 2346 599 2402; x_wconf 88' lang='lat' dir='ltr'><strong>in</strong></span> <span class='ocrx_word' id='word_1_154' title='bbox 615 2344 737 2403; x_wconf 77' lang='lat' dir='ltr'><strong>febribus</strong></span> <span class='ocrx_word' id='word_1_155' title='bbox 752 2345 936 2403; x_wconf 89' lang='lat' dir='ltr'><strong>laborantibus</strong></span> <span class='ocrx_word' id='word_1_156' title='bbox 952 2345 1099 2403; x_wconf 86' lang='lat' dir='ltr'><strong>diuturnis.</strong></span> <span class='ocrx_word' id='word_1_157' title='bbox 1113 2360 1140 2400; x_wconf 81' lang='lat' dir='ltr'><strong>so</strong></span> 
     </span>
     <span class='ocr_line' id='line_1_23' title="bbox 192 2430 1100 2505; baseline 0 -19"><span class='ocrx_word' id='word_1_158' title='bbox 192 2431 334 2486; x_wconf 83' lang='lat' dir='ltr'><strong>stomacho</strong></span> <span class='ocrx_word' id='word_1_159' title='bbox 349 2430 489 2486; x_wconf 86' lang='lat' dir='ltr'><strong>commoda</strong></span> <span class='ocrx_word' id='word_1_160' title='bbox 512 2436 584 2485; x_wconf 91' lang='lat' dir='ltr'><strong>sunt.</strong></span> <span class='ocrx_word' id='word_1_161' title='bbox 621 2431 704 2488; x_wconf 91' lang='lat' dir='ltr'><strong>ineisa</strong></span> <span class='ocrx_word' id='word_1_162' title='bbox 725 2438 802 2487; x_wconf 84' lang='lat' dir='ltr'><strong>cocta</strong></span> <span class='ocrx_word' id='word_1_163' title='bbox 823 2431 852 2487; x_wconf 90' lang='lat' dir='ltr'><strong>in</strong></span> <span class='ocrx_word' id='word_1_164' title='bbox 873 2447 942 2505; x_wconf 91' lang='lat' dir='ltr'><strong>aqua</strong></span> <span class='ocrx_word' id='word_1_165' title='bbox 962 2430 1027 2487; x_wconf 89' lang='lat' dir='ltr'><strong>dato</strong></span> <span class='ocrx_word' id='word_1_166' title='bbox 1044 2439 1100 2486; x_wconf 89' lang='lat' dir='ltr'><strong>sto·</strong></span> 
     </span>
     <span class='ocr_line' id='line_1_24' title="bbox 192 2512 1100 2588; baseline 0 -18"><span class='ocrx_word' id='word_1_167' title='bbox 192 2514 287 2571; x_wconf 86' lang='lat' dir='ltr'><strong>macho</strong></span> <span class='ocrx_word' id='word_1_168' title='bbox 316 2512 481 2570; x_wconf 89' lang='lat' dir='ltr'><strong>dolentibus.</strong></span> <span class='ocrx_word' id='word_1_169' title='bbox 518 2515 609 2571; x_wconf 82' lang='lat' dir='ltr'><strong>vinum</strong></span> <span class='ocrx_word' id='word_1_170' title='bbox 632 2530 727 2571; x_wconf 89' lang='lat' dir='ltr'><strong>eorum</strong></span> <span class='ocrx_word' id='word_1_171' title='bbox 756 2514 942 2588; x_wconf 73' lang='lat' dir='ltr'><strong>dysentericus</strong></span> <span class='ocrx_word' id='word_1_172' title='bbox 965 2515 1100 2573; x_wconf 84' lang='lat' dir='ltr'><strong>coeliacos</strong></span> 
     </span>
     <span class='ocr_line' id='line_1_25' title="bbox 192 2598 1100 2674; baseline 0.001 -20"><span class='ocrx_word' id='word_1_173' title='bbox 192 2599 347 2673; x_wconf 77' lang='lat' dir='ltr'><strong>nunciantes</strong></span> <span class='ocrx_word' id='word_1_174' title='bbox 375 2598 489 2674; x_wconf 88' lang='lat' dir='ltr'><strong>stringit</strong></span> <span class='ocrx_word' id='word_1_175' title='bbox 515 2607 544 2655; x_wconf 88' lang='lat' dir='ltr'><strong>et</strong></span> <span class='ocrx_word' id='word_1_176' title='bbox 576 2600 736 2673; x_wconf 88' lang='lat' dir='ltr'><strong>sanguinem</strong></span> <span class='ocrx_word' id='word_1_177' title='bbox 764 2608 921 2673; x_wconf 83' lang='lat' dir='ltr'><strong>expuentes.</strong></span> <span class='ocrx_word' id='word_1_178' title='bbox 967 2608 1045 2657; x_wconf 83' lang='lat' dir='ltr'><strong>cocta</strong></span> <span class='ocrx_word' id='word_1_179' title='bbox 1072 2600 1100 2655; x_wconf 92' lang='lat' dir='ltr'><strong>in</strong></span> 
     </span>
     <span class='ocr_line' id='line_1_26' title="bbox 192 2683 992 2757; baseline 0.003 -19"><span class='ocrx_word' id='word_1_180' title='bbox 192 2683 279 2738; x_wconf 87' lang='lat' dir='ltr'><strong>mulsa</strong></span> <span class='ocrx_word' id='word_1_181' title='bbox 300 2685 364 2740; x_wconf 82' lang='lat' dir='ltr'><strong>trita</strong></span> <span class='ocrx_word' id='word_1_182' title='bbox 386 2683 527 2740; x_wconf 86' lang='lat' dir='ltr'><strong>stomacho</strong></span> <span class='ocrx_word' id='word_1_183' title='bbox 548 2685 668 2757; x_wconf 87' lang='lat' dir='ltr'><strong>inposita</strong></span> <span class='ocrx_word' id='word_1_184' title='bbox 689 2683 857 2741; x_wconf 87' lang='lat' dir='ltr'><strong>delectiones</strong></span> <span class='ocrx_word' id='word_1_185' title='bbox 880 2683 992 2740; x_wconf 87' lang='lat' dir='ltr'><strong>tollunt.</strong></span> 
     </span>
    </p>
   </div>
   <div class='ocr_carea' id='block_1_6' title="bbox 81 2918 1101 3276">
    <p class='ocr_par' dir='ltr' id='par_1_6' title="bbox 81 2918 1101 3276">
     <span class='ocr_line' id='line_1_27' title="bbox 156 2918 1098 2990; baseline 0 -16"><span class='ocrx_word' id='word_1_186' title='bbox 156 2925 170 2974; x_wconf 93' lang='lat'>1</span> <span class='ocrx_word' id='word_1_187' title='bbox 190 2918 220 2973; x_wconf 93' lang='lat' dir='ltr'><strong>P.</strong></span> <span class='ocrx_word' id='word_1_188' title='bbox 240 2918 353 2989; x_wconf 90' lang='lat' dir='ltr'><strong>quidem</strong></span> <span class='ocrx_word' id='word_1_189' title='bbox 371 2919 451 2975; x_wconf 84' lang='lat' dir='ltr'><strong>cibus</strong></span> <span class='ocrx_word' id='word_1_190' title='bbox 471 2923 513 2975; x_wconf 85' lang='lat' dir='ltr'><strong>est</strong></span> <span class='ocrx_word' id='word_1_191' title='bbox 529 2919 638 2975; x_wconf 85' lang='lat' dir='ltr'><strong>inutilis</strong></span> <span class='ocrx_word' id='word_1_192' title='bbox 655 2923 691 2975; x_wconf 88' lang='lat' dir='ltr'><strong>st.</strong></span> <span class='ocrx_word' id='word_1_193' title='bbox 710 2921 727 2975; x_wconf 86' lang='lat' dir='ltr'><strong>l.</strong></span> <span class='ocrx_word' id='word_1_194' title='bbox 783 2927 852 2976; x_wconf 66' lang='lat' dir='ltr'><strong>teo</strong></span> <span class='ocrx_word' id='word_1_195' title='bbox 870 2921 907 2976; x_wconf 82' lang='lat' dir='ltr'><strong>rb</strong></span> <span class='ocrx_word' id='word_1_196' title='bbox 923 2921 974 2990; x_wconf 86' lang='lat' dir='ltr'><strong>(p):</strong></span> <span class='ocrx_word' id='word_1_197' title='bbox 994 2935 1046 2975; x_wconf 84' lang='lat' dir='ltr'><strong>om.</strong></span> <span class='ocrx_word' id='word_1_198' title='bbox 1059 2921 1098 2975; x_wconf 85' lang='lat' dir='ltr'><strong>ol.</strong></span> 
     </span>
     <span class='ocr_line' id='line_1_28' title="bbox 87 2989 1063 3062; baseline 0.002 -18"><span class='ocrx_word' id='word_1_199' title='bbox 87 2989 246 3061; x_wconf 74' lang='lat' dir='ltr'><strong>linacescat</strong></span> <span class='ocrx_word' id='word_1_200' title='bbox 263 3007 293 3060; x_wconf 81' lang='lat' dir='ltr'><strong>g:</strong></span> <span class='ocrx_word' id='word_1_201' title='bbox 321 2992 464 3046; x_wconf 86' lang='lat' dir='ltr'><strong>macescet</strong></span> <span class='ocrx_word' id='word_1_202' title='bbox 481 2991 531 3058; x_wconf 83' lang='lat' dir='ltr'><strong>rb,</strong></span> <span class='ocrx_word' id='word_1_203' title='bbox 557 2991 697 3047; x_wconf 80' lang='lat' dir='ltr'><strong>inarescet</strong></span> <span class='ocrx_word' id='word_1_204' title='bbox 718 2992 757 3047; x_wconf 86' lang='lat' dir='ltr'><strong>ol.</strong></span> <span class='ocrx_word' id='word_1_205' title='bbox 781 2995 785 3060; x_wconf 89' lang='grc' dir='ltr'>Ι</span> <span class='ocrx_word' id='word_1_206' title='bbox 809 2990 1026 3062; x_wconf 81' lang='lat' dir='ltr'><strong>indigestionem</strong></span> <span class='ocrx_word' id='word_1_207' title='bbox 1046 2992 1063 3046; x_wconf 89' lang='lat' dir='ltr'><strong>l.</strong></span> 
     </span>
     <span class='ocr_line' id='line_1_29' title="bbox 84 3061 1101 3133; baseline 0 -17"><span class='ocrx_word' id='word_1_208' title='bbox 84 3066 100 3116; x_wconf 77' lang='grc' dir='ltr'><strong>ὅ</strong></span> <span class='ocrx_word' id='word_1_209' title='bbox 119 3061 252 3117; x_wconf 84' lang='lat' dir='ltr'><strong>celeriore</strong></span> <span class='ocrx_word' id='word_1_210' title='bbox 271 3061 319 3130; x_wconf 90' lang='lat' dir='ltr'><strong>(·ri</strong></span> <span class='ocrx_word' id='word_1_211' title='bbox 335 3064 364 3132; x_wconf 79' lang='lat' dir='ltr'><strong>p)</strong></span> <span class='ocrx_word' id='word_1_212' title='bbox 381 3063 447 3132; x_wconf 79' lang='lat' dir='ltr'><strong>gel:</strong></span> <span class='ocrx_word' id='word_1_213' title='bbox 467 3061 553 3118; x_wconf 89' lang='lat' dir='ltr'><strong>celeri</strong></span> <span class='ocrx_word' id='word_1_214' title='bbox 570 3061 636 3129; x_wconf 77' lang='lat' dir='ltr'><strong>abt</strong></span> <span class='ocrx_word' id='word_1_215' title='bbox 658 3063 921 3133; x_wconf 83' lang='lat' dir='ltr'><strong>praecoque-(10)</strong></span> <span class='ocrx_word' id='word_1_216' title='bbox 939 3061 1101 3131; x_wconf 83' lang='lat' dir='ltr'><strong>permiserit</strong></span> 
     </span>
     <span class='ocr_line' id='line_1_30' title="bbox 82 3133 1099 3204; baseline 0 -17"><span class='ocrx_word' id='word_1_217' title='bbox 82 3135 149 3202; x_wconf 82' lang='lat' dir='ltr'><strong>pol:</strong></span> <span class='ocrx_word' id='word_1_218' title='bbox 172 3147 223 3188; x_wconf 79' lang='lat' dir='ltr'><strong>orn.</strong></span> <span class='ocrx_word' id='word_1_219' title='bbox 241 3134 286 3188; x_wconf 84' lang='lat' dir='ltr'><strong>rb.</strong></span> <span class='ocrx_word' id='word_1_220' title='bbox 323 3135 363 3201; x_wconf 79' lang='lat' dir='ltr'><strong>ef.</strong></span> <span class='ocrx_word' id='word_1_221' title='bbox 386 3134 419 3188; x_wconf 87' lang='lat' dir='ltr'><strong>de</strong></span> <span class='ocrx_word' id='word_1_222' title='bbox 436 3133 600 3204; x_wconf 78' lang='lat' dir='ltr'><strong>praecoquis</strong></span> <span class='ocrx_word' id='word_1_223' title='bbox 621 3138 647 3187; x_wconf 84' lang='lat' dir='ltr'><strong>et</strong></span> <span class='ocrx_word' id='word_1_224' title='bbox 669 3134 840 3190; x_wconf 73' lang='lat' dir='ltr'><strong>ementiri.</strong></span> <span class='ocrx_word' id='word_1_225' title='bbox 863 3133 1018 3188; x_wconf 64' lang='lat' dir='ltr'><strong>minerbam</strong></span> <span class='ocrx_word' id='word_1_226' title='bbox 1037 3149 1099 3202; x_wconf 82' lang='lat' dir='ltr'><strong>per-</strong></span> 
     </span>
     <span class='ocr_line' id='line_1_31' title="bbox 81 3203 1098 3276; baseline -0.001 -16"><span class='ocrx_word' id='word_1_227' title='bbox 81 3205 148 3260; x_wconf 74' lang='lat' dir='ltr'><strong>sicis</strong></span> <span class='ocrx_word' id='word_1_228' title='bbox 164 3205 258 3260; x_wconf 79' lang='lat' dir='ltr'><strong>Dicae.</strong></span> <span class='ocrx_word' id='word_1_229' title='bbox 279 3210 365 3274; x_wconf 80' lang='lat'>1,165.</span> <span class='ocrx_word' id='word_1_230' title='bbox 425 3210 441 3259; x_wconf 89' lang='grc'>9</span> <span class='ocrx_word' id='word_1_231' title='bbox 461 3203 547 3260; x_wconf 87' lang='lat' dir='ltr'><strong>etiam</strong></span> <span class='ocrx_word' id='word_1_232' title='bbox 565 3220 615 3259; x_wconf 79' lang='lat' dir='ltr'><strong>one.</strong></span> <span class='ocrx_word' id='word_1_233' title='bbox 635 3204 653 3259; x_wconf 80' lang='lat' dir='ltr'><strong>l.</strong></span> <span class='ocrx_word' id='word_1_234' title='bbox 674 3207 678 3274; x_wconf 78' lang='lat' dir='ltr'><strong>t</strong></span> <span class='ocrx_word' id='word_1_235' title='bbox 698 3206 801 3276; x_wconf 89' lang='lat' dir='ltr'><strong>posunt</strong></span> <span class='ocrx_word' id='word_1_236' title='bbox 817 3220 842 3275; x_wconf 81' lang='lat' dir='ltr'><strong>p.</strong></span> <span class='ocrx_word' id='word_1_237' title='bbox 864 3206 868 3272; x_wconf 77' lang='grc' dir='ltr'>Ι</span> <span class='ocrx_word' id='word_1_238' title='bbox 888 3203 956 3258; x_wconf 84' lang='lat' dir='ltr'><strong>dum</strong></span> <span class='ocrx_word' id='word_1_239' title='bbox 974 3205 1056 3259; x_wconf 82' lang='lat' dir='ltr'><strong>taxat</strong></span> <span class='ocrx_word' id='word_1_240' title='bbox 1071 3219 1098 3273; x_wconf 79' lang='lat' dir='ltr'><strong>g,</strong></span> 
     </span>
    </p>
   </div>
   <div class='ocr_carea' id='block_1_7' title="bbox 82 3284 1100 3584">
    <p class='ocr_par' dir='ltr' id='par_1_7' title="bbox 82 3284 1100 3584">
     <span class='ocr_line' id='line_1_32' title="bbox 82 3284 1099 3376; baseline 0.002 -22"><span class='ocrx_word' id='word_1_241' title='bbox 82 3301 120 3355; x_wconf 80' lang='lat' dir='ltr'><strong>dri</strong></span> <span class='ocrx_word' id='word_1_242' title='bbox 138 3303 260 3358; x_wconf 82' lang='lat' dir='ltr'><strong>tsxutc:</strong></span> <span class='ocrx_word' id='word_1_243' title='bbox 279 3302 418 3358; x_wconf 82' lang='lat' dir='ltr'><strong>duntaxat</strong></span> <span class='ocrx_word' id='word_1_244' title='bbox 431 3304 448 3358; x_wconf 89' lang='lat' dir='ltr'><strong>l.</strong></span> <span class='ocrx_word' id='word_1_245' title='bbox 495 3308 527 3358; x_wconf 87' lang='lat'><strong>11</strong></span> <span class='ocrx_word' id='word_1_246' title='bbox 542 3284 655 3376; x_wconf 64' lang='lat' dir='ltr'><strong>nigiptur</strong></span> <span class='ocrx_word' id='word_1_247' title='bbox 669 3303 685 3358; x_wconf 88' lang='lat' dir='ltr'><strong>l.</strong></span> <span class='ocrx_word' id='word_1_248' title='bbox 733 3309 766 3358; x_wconf 76' lang='lat'><strong>12</strong></span> <span class='ocrx_word' id='word_1_249' title='bbox 781 3301 904 3358; x_wconf 84' lang='lat' dir='ltr'><strong>Galenus</strong></span> <span class='ocrx_word' id='word_1_250' title='bbox 918 3299 1099 3371; x_wconf 78' lang='lat' dir='ltr'><strong>(Gelienusl)</strong></span> 
     </span>
     <span class='ocr_line' id='line_1_33' title="bbox 82 3372 1100 3444; baseline 0.002 -19"><span class='ocrx_word' id='word_1_251' title='bbox 82 3373 148 3439; x_wconf 74' lang='lat' dir='ltr'><strong>potr</strong></span> <span class='ocrx_word' id='word_1_252' title='bbox 176 3373 225 3428; x_wconf 88' lang='lat' dir='ltr'><strong>sed</strong></span> <span class='ocrx_word' id='word_1_253' title='bbox 248 3375 277 3428; x_wconf 89' lang='lat' dir='ltr'><strong>et</strong></span> <span class='ocrx_word' id='word_1_254' title='bbox 294 3373 417 3429; x_wconf 78' lang='lat' dir='ltr'><strong>Galenus</strong></span> <span class='ocrx_word' id='word_1_255' title='bbox 440 3373 583 3442; x_wconf 77' lang='lat' dir='ltr'><strong>(Gallenos</strong></span> <span class='ocrx_word' id='word_1_256' title='bbox 601 3375 626 3444; x_wconf 85' lang='lat' dir='ltr'><strong>r)</strong></span> <span class='ocrx_word' id='word_1_257' title='bbox 645 3373 689 3430; x_wconf 86' lang='lat' dir='ltr'><strong>rb.</strong></span> <span class='ocrx_word' id='word_1_258' title='bbox 711 3373 879 3444; x_wconf 74' lang='lat' dir='ltr'><strong>lnunquam</strong></span> <span class='ocrx_word' id='word_1_259' title='bbox 898 3372 1012 3428; x_wconf 87' lang='lat' dir='ltr'><strong>omniuo</strong></span> <span class='ocrx_word' id='word_1_260' title='bbox 1034 3376 1100 3443; x_wconf 90' lang='lat' dir='ltr'><strong>post</strong></span> 
     </span>
     <span class='ocr_line' id='line_1_34' title="bbox 84 3439 1100 3523; baseline 0.005 -30"><span class='ocrx_word' id='word_1_261' title='bbox 84 3439 178 3495; x_wconf 88' lang='lat' dir='ltr'><strong>cibum</strong></span> <span class='ocrx_word' id='word_1_262' title='bbox 195 3443 240 3523; x_wconf 72' lang='lat' dir='ltr'><strong>pb.</strong></span> <span class='ocrx_word' id='word_1_263' title='bbox 298 3450 330 3498; x_wconf 82' lang='lat'><strong>13</strong></span> <span class='ocrx_word' id='word_1_264' title='bbox 350 3445 499 3500; x_wconf 81' lang='lat' dir='ltr'><strong>adfimans</strong></span> <span class='ocrx_word' id='word_1_265' title='bbox 516 3461 562 3515; x_wconf 79' lang='lat' dir='ltr'><strong>go.</strong></span> <span class='ocrx_word' id='word_1_266' title='bbox 583 3448 589 3523; x_wconf 77' lang='grc' dir='ltr'>Ι</span> <span class='ocrx_word' id='word_1_267' title='bbox 610 3446 635 3501; x_wconf 89' lang='lat' dir='ltr'><strong>si</strong></span> <span class='ocrx_word' id='word_1_268' title='bbox 651 3445 741 3515; x_wconf 76' lang='lat' dir='ltr'><strong>gold:</strong></span> <span class='ocrx_word' id='word_1_269' title='bbox 760 3444 791 3499; x_wconf 86' lang='lat' dir='ltr'><strong>in</strong></span> <span class='ocrx_word' id='word_1_270' title='bbox 808 3445 853 3500; x_wconf 85' lang='lat' dir='ltr'><strong>rb.</strong></span> <span class='ocrx_word' id='word_1_271' title='bbox 909 3450 944 3498; x_wconf 88' lang='grc'><strong>14</strong></span> <span class='ocrx_word' id='word_1_272' title='bbox 961 3442 1100 3499; x_wconf 76' lang='lat' dir='ltr'><strong>musterit</strong></span> 
     </span>
     <span class='ocr_line' id='line_1_35' title="bbox 84 3512 918 3584; baseline 0.011 -21"><span class='ocrx_word' id='word_1_273' title='bbox 84 3512 175 3578; x_wconf 75' lang='lat' dir='ltr'><strong>gold:</strong></span> <span class='ocrx_word' id='word_1_274' title='bbox 194 3515 324 3568; x_wconf 83' lang='lat' dir='ltr'><strong>rnnetent</strong></span> <span class='ocrx_word' id='word_1_275' title='bbox 341 3516 386 3570; x_wconf 83' lang='lat' dir='ltr'><strong>rb.</strong></span> <span class='ocrx_word' id='word_1_276' title='bbox 403 3516 523 3584; x_wconf 70' lang='lat' dir='ltr'><strong>tubicine</strong></span> <span class='ocrx_word' id='word_1_277' title='bbox 541 3518 570 3578; x_wconf 62' lang='lat' dir='ltr'><strong>d„</strong></span> <span class='ocrx_word' id='word_1_278' title='bbox 595 3515 769 3572; x_wconf 87' lang='lat' dir='ltr'><strong>Persicorum</strong></span> <span class='ocrx_word' id='word_1_279' title='bbox 786 3515 856 3571; x_wconf 84' lang='lat' dir='ltr'><strong>folia</strong></span> <span class='ocrx_word' id='word_1_280' title='bbox 873 3516 918 3572; x_wconf 85' lang='lat' dir='ltr'><strong>rb.</strong></span> 
     </span>
    </p>
   </div>
   <div class='ocr_carea' id='block_1_8' title="bbox 0 0 1212 3900">
    <p class='ocr_par' dir='ltr' id='par_1_8' title="bbox 0 0 1212 3900">
     <span class='ocr_line' id='line_1_36' title="bbox 0 0 1212 3900; baseline 0 0"><span class='ocrx_word' id='word_1_281' title='bbox 0 0 1212 3900; x_wconf 95' lang='lat' dir='ltr'><strong> </strong></span> 
     </span>
    </p>
   </div>
  </div>
 </body>
</html>
