2416 3900
467 188 707 255 ...150-

187 352 293 414 scribit
312 351 411 413 cibum
431 353 534 413 cardui
553 351 690 414 adiurare
710 361 743 414 ut
760 352 907 413 masculos
925 362 1099 432 procreent.

187 442 310 502 mastico
329 441 508 502 carduorum
526 440 649 502 odorem
672 443 733 501 oris
751 438 1016 502 commendabilem
1030 443 1098 503 red-

83 541 177 606 Puto,
188 529 239 591 dit.
267 547 327 590 non
341 528 509 610 praeteribo
528 528 607 610 quod
627 528 664 590 de
679 529 832 592 servandis
851 529 969 590 carduis
987 527 1098 610 legisse

81 618 244 682 432153me
266 619 403 681 memini:
434 625 518 679 aceto
541 617 628 678 melle
652 617 745 679 diluto
776 617 970 700 condiuntur,
998 616 1099 681 addita

188 700 287 768 radice
305 706 409 768 lasaris
427 713 458 767 et
480 709 605 788 cymino.
633 705 779 768 eiusmodi
798 714 861 768 arte
879 708 1034 786 provisum
1052 713 1123 769 osta

188 814 226 856 ne
250 798 317 876 quis
340 797 461 857 omnino
483 797 548 857 sine
572 795 690 859 carduis
713 794 776 856 dies
800 802 887 857 essct.
945 869 948 876 ,

115 967 162 1022 Pl.
255 960 381 1017 xum.
414 963 463 1017 De
486 960 563 1017 elio.

92 1044 181 1107 ΜΒ·
256 1076 361 1159 Magna
374 1080 419 1139 vis
437 1079 507 1160 alio,
530 1087 561 1139 et
578 1078 645 1140 ideo
660 1097 696 1139 ex
715 1096 751 1139 eo
766 1086 811 1140 est
830 1079 955 1140 maxima
975 1076 1098 1141 utilitas

128 1174 144 1209 *
189 1164 327 1229 omnibns
345 1169 455 1247 quippe
473 1169 650 1247 perniciosis
668 1167 822 1228 hominum
840 1165 925 1228 malis
939 1166 1098 1228 veliemen-

189 1263 236 1317 ter
262 1257 385 1317 resistit.
427 1263 581 1336 serpentes
612 1263 642 1316 et
666 1257 839 1335 scorpiones
866 1257 999 1336 itemque
1027 1254 1099 1316 alias

189 1343 315 1406 latentes
333 1343 444 1407 bestias
459 1343 550 1406 odore
565 1343 628 1406 solo
643 1345 737 1424 lugat,
754 1343 865 1405 ictibus
880 1360 985 1405 eorum
1002 1358 1099 1424 teque
1114 1357 1140 1398 ro

189 1432 326 1495 medetur
349 1435 411 1495 sive
434 1433 552 1495 uulneri
574 1432 692 1494 inlitum
712 1434 776 1494 siue
798 1434 831 1494 in
853 1434 975 1513 potione
997 1431 1045 1493 vel
1066 1433 1100 1492 in

190 1521 257 1583 cibo
281 1528 441 1600 sumptum.
478 1523 592 1584 niorsui
614 1524 720 1583 canino
742 1539 810 1582 cum
833 1519 919 1583 melle
939 1521 1100 1588 succurrit.
1132 1600 1135 1604 ⁴

188 1611 301 1671 taenias
316 1617 347 1671 ct
365 1609 420 1670 alia
435 1612 547 1671 ventris
561 1609 696 1671 animalia
715 1611 748 1669 in
765 1608 862 1670 mulso
876 1616 960 1670 aceto
978 1616 1101 1671 coctum

190 1698 311 1777 perimit
334 1705 364 1760 et
386 1697 514 1778 expellit.
550 1699 664 1759 sicctun
687 1715 756 1758 cum
779 1697 910 1759 restibus
933 1699 997 1759 suis
1020 1697 1100 1759 oleo·

191 1804 250 1865 que
264 1787 445 1866 permixtum
455 1805 559 1848 omnes
572 1788 651 1848 ictus
660 1794 820 1848 venenatos
834 1786 996 1849 efficaciter
1006 1793 1100 1847 sanat.
1115 1799 1141 1840 ιι

191 1870 297 1937 eodeni
326 1875 414 1937 modo
441 1884 472 1937 et
498 1877 614 1937 attritas
646 1877 781 1955 corporis
812 1882 914 1955 partes
940 1881 972 1937 et
999 1874 1102 1936 ulcera

190 1965 223 2023 in
255 1965 352 2043 capite
367 2011 369 2016 .
383 1965 532 2027 manantia
564 1981 699 2043 quaeque
736 1965 767 2023 iu
798 1965 896 2025 vesica
931 1968 1102 2025 tumescent

191 2049 264 2111 lenit
286 2053 457 2131 inpositum.
489 2050 749 2132 peregrinantibus
771 2053 836 2112 esui
858 2051 960 2113 datum
979 2053 1101 2112 minime

190 2140 303 2219 patitur
330 2158 382 2203 eos
410 2159 554 2221 aquarum
577 2148 607 2201 et
634 2140 770 2201 locorum
791 2142 954 2202 mutatione
982 2148 1101 2220 pertur-

116 2359 172 2427 (m)
276 2353 373 2408 Gar-dni
404 2361 502 2410 natura
529 2353 640 2410 mordax
667 2362 696 2409 et
721 2353 881 2409 subaustero
910 2357 962 2407 est.
1007 2350 1101 2409 mollis
1117 2357 1143 2398 ω

193 2434 308 2510 frigidus
330 2446 358 2492 et
379 2438 542 2512 indigestus.
579 2437 641 2494 ideo
656 2454 739 2495 ruens
753 2438 811 2494 eius
834 2435 962 2511 alopicias
977 2433 1102 2510 expellit.

192 2521 297 2576 matrici
310 2521 481 2577 vutilissimus
503 2519 580 2578 cibus
602 2528 654 2581 est.
1088 2551 1092 2556 ν

156 2762 171 2809 1
195 2756 289 2811 cibum
310 2758 408 2813 cardui
424 2759 493 2828 piel:
523 2757 619 2814 cardui
642 2757 736 2813 cibum
754 2758 798 2813 rb.
863 2763 879 2811 2
897 2755 1015 2811 mastico
1033 2755 1104 2825 pide

84 2826 205 2882 Mustius
222 2828 267 2885 rb.
318 2835 334 2883 3
354 2829 462 2884 carduis
481 2845 532 2885 om.
551 2831 594 2883 cb.
612 2834 616 2894 1
633 2827 734 2899 legisse
752 2844 798 2883 me
816 2826 944 2882 memini:
963 2824 1022 2896 legi
1040 2826 1067 2881 d.

83 2904 102 2952 4
120 2900 201 2955 aceto
219 2898 304 2954 mella
320 2901 354 2968 pl
371 2901 471 2968 (doeio
490 2901 519 2955 el
537 2901 621 2955 melle
639 2901 682 2970 οὓς
706 2901 786 2954 aceto
805 2898 914 2954 scilicet
930 2897 1016 2952 melle
1034 2895 1100 2967 rbi

83 2970 175 3026 diluto
194 2987 218 3025 c.
235 2970 338 3040 Νῶε
361 2970 508 3025 ddunniur
529 2987 562 3024 ac
580 2987 605 3026 c.
624 2971 665 3026 ld.
742 2975 759 3024 ὅ
783 2969 882 3024 hauris
900 2985 931 3038 με
958 2967 1058 3022 laseris
1073 2967 1104 3035 al,

83 3042 195 3099 lasseris
213 3042 231 3097 l.
246 3043 254 3110 l
267 3040 394 3097 eiusdem
411 3041 489 3096 modi
506 3042 555 3110 qd.
609 3041 651 3096 tit.
671 3040 706 3095 de
725 3041 786 3096 oleo
803 3057 830 3110 9.
885 3037 991 3094 talio:
1009 3038 1105 3107 oleos

84 3114 164 3184 (ollio
183 3115 253 3183 irbi.
269 3115 275 3181 Ι
289 3129 325 3168 ex
341 3129 375 3168 co
394 3113 438 3167 est
454 3110 578 3169 maximo
594 3112 713 3182 tl(b”')=
732 3111 762 3166 in
780 3127 813 3167 eo
831 3109 956 3165 maximo
974 3111 1019 3165 ert
1036 3107 1102 3178 rbi

120 3185 289 3242 domnibus:
303 3182 470 3239 Hominibus
481 3185 491 3237 l
504 3183 563 3252 (qui
571 3197 634 3237 moe
644 3198 694 3238 cm.
704 3182 870 3252 hominum).
886 3183 890 3248 i
906 3179 1069 3251 pernitiosis
1077 3194 1104 3248 p.

122 3263 155 3311 10
173 3258 194 3312 l.
209 3271 280 3325 eqne
298 3271 395 3312 eornm
412 3274 449 3310 m.
464 3255 481 3309 l.
508 3301 510 3307 .
528 3259 562 3308 12
576 3256 733 3324 sumptum:
752 3253 851 3308 dotum
867 3254 886 3307 l.
932 3257 966 3306 ts
980 3250 1105 3307 tarnim

85 3327 177 3382 tincas
190 3328 299 3397 ploitt
355 3332 389 3382 14
403 3327 509 3382 siccum
526 3342 591 3381 cum
608 3326 660 3395 pb:
681 3324 802 3380 Succum
820 3339 921 3391 cumr,
941 3321 990 3377 Sic
1006 3338 1073 3378 enm
1086 3321 1105 3376 l.

86 3393 173 3464 louis:
192 3398 236 3452 sui
249 3399 268 3453 l.
283 3400 289 3466 Ι
304 3398 421 3468 oleoque
434 3399 479 3468 pl:
497 3397 560 3453 oleo
573 3396 619 3453 rb.
666 3401 699 3450 16
713 3394 921 3465 eodemquerb.
970 3398 1003 3447 l‘l
1019 3407 1106 3462 quoe·

84 3481 153 3583 epig·
166 3483 342 3588 cpecnmque
355 3471 372 3525 l.
389 3471 394 3538 l
410 3468 551 3526 uesicsml
563 3467 609 3538 (cf.
622 3467 688 3536 Pu).
704 3468 709 3535 Ι
724 3468 882 3520 tumescent
899 3481 930 3533 p:
949 3466 1030 3519 -cunt
1044 3463 1105 3518 lrb.

165 3551 182 3588 e
209 3540 261 3604 ql.-
279 3555 315 3595 ec
335 3542 379 3599 rb.
