2416 3900
457 135 675 202 „53.„

55 297 115 359 sale
146 295 375 380 subiacebunt,
409 300 452 359 sic
480 297 562 359 datae
591 301 622 359 iu
650 298 717 361 cibo
740 319 806 363 coe·

55 387 204 448 liacornm
218 385 350 447 dolorem
361 387 505 448 mulcent:
519 386 669 450 abstinere
685 407 701 448 a
715 390 805 470 frugi·

54 475 112 537 bus
144 475 231 557 prius
263 474 399 554 gallinam
436 483 466 537 et
501 476 652 538 hominem
679 485 805 557 oportet.

54 565 144 626 timus
168 562 356 625 columbinus
379 571 476 626 tostus
500 572 530 626 et
553 567 641 627 tritus
669 566 804 646 dysente-
867 568 905 622 ab.
955 594 958 600 ·

27 655 128 715 aricis
160 655 193 713 in
223 655 345 732 potione
382 655 565 734 propinatur.
610 655 742 734 palumbi
774 657 805 716 in
849 655 904 710 ab.

55 750 142 805 aceto
170 741 296 803 discocti
323 752 353 803 et
385 743 579 823 dysenterIcis
608 751 638 804 et
669 743 806 805 coeliacis
834 726 893 793 (ΟΜ
908 729 934 797 l)

55 835 87 893 in
105 829 174 891 cibo
193 830 359 892 medentur.
388 831 591 912 dysentericus
609 833 724 894 adiuvat
742 841 805 894 tur·
868 833 904 887 ib·

56 921 114 983 dns
136 922 286 981 inassatus
315 920 404 982 tritus
432 922 464 982 in
487 920 553 981 cibo
577 930 713 1001 sumptus
737 940 806 984 cum
834 905 894 971 (Μ
907 904 955 974 ⁷⁸²²)

56 1011 147 1090 myrti
170 1007 260 1069 bacis.
297 1011 368 1070 item
395 1011 427 1070 in
450 1008 579 1070 eundem
601 1011 722 1072 modum
744 1030 805 1073 me·
832 1010 870 1065 ib·
896 1010 956 1078 (om.
970 1010 1019 1080 rb)

21 1110 43 1149 10
56 1097 123 1158 rula
151 1100 288 1159 sumitur.
325 1100 532 1177 gravissimum
562 1101 674 1160 ventris
701 1101 806 1160 vitium
833 1107 921 1172 30,59.

56 1187 131 1247 ileos
141 1185 319 1267 appellatur:
333 1187 402 1248 huic
412 1189 526 1248 resistit
535 1187 678 1267 discerpti
687 1206 805 1268 vesper·
868 1187 905 1242 ib·

58 1274 171 1336 tilionis
195 1277 316 1354 sanguis
343 1275 446 1336 inlitus
468 1277 573 1336 ventri.
611 1277 806 1356 dysentericis

58 1382 111 1424 ova
124 1362 222 1444 pridie
237 1366 268 1424 in
287 1371 371 1425 aceto
385 1373 588 1444 macerantur,
609 1382 714 1426 eorum
726 1365 806 1427 lutea
833 1373 920 1437 2994.

57 1453 210 1532 friguntur
237 1454 268 1512 in
296 1453 361 1513 oleo
393 1461 423 1514 et
451 1453 638 1515 devorantur.
685 1473 738 1515 ova
770 1473 806 1515 ex
833 1462 920 1527 29,49.

20 1553 43 1592 15
57 1549 143 1602 aceto
161 1550 364 1623 macerantur,
387 1561 424 1602 ex
446 1540 493 1602 his
513 1549 543 1602 et
565 1542 660 1602 farina
678 1551 709 1604 et
731 1560 806 1622 aqua

55 1631 143 1710 panis
168 1628 304 1690 coeliacis
327 1631 369 1690 fit.
407 1630 526 1710 quidam
554 1630 657 1690 eadem
680 1650 733 1691 ova
760 1650 805 1692 re=
868 1630 905 1686 cb.

57 1717 178 1779 solvunt
207 1725 237 1778 et
263 1720 295 1779 iu
321 1720 430 1798 patinis
458 1726 535 1779 tosta
568 1718 638 1780 dant
667 1722 698 1779 in
731 1719 806 1779 cibo.

57 1824 163 1868 caseus
178 1812 264 1867 vetus
278 1806 384 1868 ovillus
404 1809 435 1867 in
455 1806 521 1867 cibo
541 1807 672 1887 prodest.
705 1825 807 1867 sevum
834 1815 922 1878 30,55.

57 1893 180 1956 ovillum
204 1895 360 1956 decoctum
387 1897 418 1955 in
446 1897 514 1955 vino
538 1904 658 1957 austero
684 1894 806 1957 bibitur.
869 1894 905 1951 ib.

19 1994 45 2035 2⁰
57 1982 115 2044 boc
135 1990 166 2044 et
183 1983 242 2044 ileo
261 1983 406 2045 medetur.
434 1984 552 2044 cocleae
573 1984 647 2045 duae
666 1992 807 2046 teruntur
869 1983 906 2039 ab.

57 2089 129 2133 cum
153 2073 217 2132 suis
239 2074 324 2133 testis
344 2079 375 2132 et
397 2090 450 2132 ova
469 2072 561 2132 cruda
580 2090 616 2133 ex
639 2075 719 2151 passi
742 2091 807 2151 cya-

57 2160 119 2220 this
150 2158 281 2241 duobus,
313 2178 406 2240 aquae
435 2160 548 2240 cyathis
577 2159 687 2242 tribus,
718 2168 807 2238 atque

57 2255 157 2310 totum
183 2250 215 2309 in
238 2267 314 2309 novo
337 2240 405 2309 vase
430 2249 605 2311 calefactum
632 2249 669 2311 ad
696 2257 807 2328 tempe-

56 2343 229 2398 ramentum
246 2339 378 2416 potionis
395 2336 516 2399 bibitur.
554 2337 721 2398 coclearum
740 2354 809 2398 cum
836 2345 922 2411 eope.

130 2635 145 2683 1
172 2628 203 2683 in
225 2628 289 2684 cibo
313 2629 472 2686 siliocorum
489 2646 520 2701 9,
548 2630 577 2684 in
600 2629 685 2686 cibos.
713 2630 859 2686 diacorum
881 2631 908 2688 d.
987 2636 1004 2686 2
1026 2631 1076 2688 ab·

57 2700 165 2756 atinere
184 2700 314 2771 pr(Pl.):
333 2701 370 2755 -ri
383 2702 409 2757 d.
431 2707 435 2771 Ι
460 2719 477 2756 a
494 2701 634 2772 frugibus:
653 2703 693 2757 sa'c
706 2703 789 2758 etiam
802 2704 838 2758 rb
853 2703 896 2772 (de
909 2707 982 2771 „cet
993 2703 1072 2759 leet.“
1151 2763 1154 2769 ,

55 2774 134 2827 errat
152 2771 213 2855 lam).
285 2770 898 2844 aoffimisetdbsincerieisrp.cfl1³t).
926 2774 1074 2844 dysinteri-

54 2841 96 2897 cis
115 2856 135 2911 9
162 2843 213 2909 (eac
229 2845 350 2912 emper).
424 2842 635 2927 proclianitae:
658 2843 750 2929 iliacis
773 2847 826 2930 ὥ..
872 2852 889 2902 8
912 2863 977 2931 cum
992 2846 1076 2915 (Pl.):

53 2913 561 3054 u⁹o⁰ttactta⁶dttttltt
574 2917 1074 3055 ltttttcttllllttuut

51 3068 159 3110 novum
186 3055 305 3110 titulum.
376 3061 408 3110 11
432 3056 510 3125 yleos
533 3058 560 3114 d.
585 3059 590 3128 Ι
614 3057 774 3129 appellatur
795 3075 826 3128 9ι
853 3059 970 3114 vocatur
992 3057 1018 3110 d.

53 3132 88 3182 18
112 3123 207 3195 pridie
225 3142 242 3180 r
260 3125 341 3197 (Pl.):
368 3126 477 3196 pridem
499 3128 548 3198 pd.
574 3131 577 3198 Ι
607 3128 932 3184 eorum—macerantur
953 3141 1004 3180 om.
1027 3126 1073 3182 rb.

99 3200 138 3251 14
165 3195 347 3266 frigantur..
364 3240 370 3252 .
386 3198 553 3254 devorentur
580 3202 607 3256 d.
687 3205 718 3253 16
742 3197 855 3279 cyliacis
876 3213 906 3266 9,
935 3195 1074 3252 ciliacisr

50 3266 140 3337 (Pl.):
162 3265 256 3322 iliacis
270 3268 296 3322 d.
343 3274 375 3323 17
390 3270 502 3338 patenis
519 3281 565 3340 9⁰.
613 3277 646 3325 19
660 3270 765 3324 austen
777 3268 826 3337 qd.
872 3271 907 3321 20
920 3266 976 3323 ilee
991 3267 1076 3338 (Pl.):

49 3336 166 3394 ciliacis
193 3353 244 3407 pr,
275 3338 367 3395 iliacis
394 3340 420 3395 d.
498 3346 532 3396 21
561 3341 659 3395 cruda:
688 3336 774 3391 cruda
796 3357 818 3391 11
841 3336 933 3393 Marc.
957 3355 988 3407 p.
1012 3345 1073 3394 193.

107 3412 146 3463 22
172 3410 258 3480 atque
283 3425 313 3480 p:
345 3425 395 3466 mu.
419 3411 446 3467 d.
528 3415 561 3465 23
588 3409 619 3464 in
645 3426 671 3463 a.
695 3426 721 3462 v.
750 3405 897 3464 decoctum
918 3425 945 3464 r.
972 3413 977 3478 l
1006 3425 1074 3466 vase

46 3481 97 3536 bic
117 3483 189 3550 etp.
