2416 3900
564 154 783 218 -20..

431 319 548 395 possint
575 325 605 376 et
628 319 654 377 si
681 335 729 377 res
754 319 885 396 exegerit
913 319 1021 397 aperiri
1052 318 1179 380 molliori

317 415 404 479 abab.
433 406 594 465 curatione.
640 408 777 482 reprimit
809 424 858 465 eas
891 405 998 466 radicis
1030 406 1178 468 brassicae

300 504 405 566 annot.
433 495 508 553 cinis
537 511 604 553 oum
632 492 718 552 melle
746 494 856 554 inlitus,
900 494 994 573 lupini
1026 514 1063 555 ex
1095 504 1178 556 aceto

166 583 406 653 *(Marc.p.107.
432 583 511 642 cocti
529 583 651 660 tritique
674 582 846 642 discutiunt.
883 585 988 644 vitium
1012 586 1087 644 cinis
1110 602 1179 645 cum

223 655 258 723 ⁰f·
274 656 354 723 Μ)
435 689 503 731 cera
531 679 569 730 et·
588 673 687 730 resina
716 670 838 749 paribus
868 672 1050 749 ponderibus
1085 675 1204 752 impe-⁵

318 768 404 831 3238,
434 761 489 819 sita
518 759 697 819 desiccant.⁴
727 761 885 838 apponitur
913 762 1060 821 muricum
1089 769 1176 822 testa·

432 866 501 908 rum
524 850 598 907 cinis
622 867 691 907 cnm
713 848 799 909 melle
823 847 869 908 vel
897 849 1119 928 conchyliorum
1142 867 1177 910 ex

318 946 404 1007 3288.
433 936 538 997 mulso.
584 939 682 1015 sepiae
714 955 780 997 ossa
816 955 884 997 cnm
920 940 1046 1016 axungia
1077 946 1177 998 vetere

300 1034 404 1095 20,249.
433 1033 499 1086 tusa
537 1024 702 1085 mallentin.
753 1025 806 1086 lini
843 1043 944 1086 semen
976 1035 1077 1087 tusum
1110 1044 1178 1088 cum

300 1123 405 1185 23,122.
433 1113 518 1174 melle
538 1116 662 1173 mixtum
672 1116 803 1193 mitigat.
830 1115 905 1175 ficus
923 1116 1018 1174 siccae
1038 1116 1203 1175 decoctaet

202 1261 212 1277 ⁴
299 1211 404 1273 29,143.
433 1221 469 1262 cx
496 1204 564 1262 vino
592 1205 678 1264 tritae
709 1203 895 1264 adhibentur.
932 1206 1100 1282 comprimit
1128 1221 1178 1264 eas

433 1292 521 1351 limus
544 1291 731 1353 columbinus
750 1311 818 1352 cum
837 1293 931 1353 farina
954 1292 1117 1352 hordeacea
1142 1310 1178 1352 ex

333 1379 368 1434 ib.
434 1379 528 1439 melle.
570 1387 695 1439 noctuae
728 1381 886 1440 cerebrum
916 1380 961 1438 vel
993 1382 1076 1440 iecur
1110 1398 1179 1441 cum

433 1466 498 1525 oleo
521 1466 621 1542 tepido
644 1466 811 1526 infunditur
831 1467 979 1526 auriculae
999 1485 1015 1524 a
1033 1468 1178 1545 parotidc.

333 1555 370 1609 ib.
433 1552 610 1632 multipedae
644 1571 712 1613 cum
743 1555 859 1612 resinae
895 1560 979 1631 parte
1014 1556 1101 1612 tertia
1133 1557 1178 1614 in-

299 1646 405 1710 35,195.
432 1641 575 1702 linuntur.
627 1649 708 1701 creta
745 1641 860 1701 cimolia
893 1659 929 1700 ex
961 1648 1044 1701 aceto
1078 1644 1179 1704 siccat.

301 1738 405 1802 annal.
433 1729 569 1808 plantago
612 1748 680 1789 cnm
711 1731 844 1807 axungia
883 1735 982 1789 vetere
1030 1740 1206 1808 persanat„

301 1828 405 1890 aaut.
433 1820 555 1879 ursinus
592 1818 682 1896 adeps
714 1820 880 1878 conteritur
912 1835 980 1878 cnm
1017 1821 1078 1878 sevi
1116 1827 1179 1880 tan-

332 1908 370 1962 ib.
433 1908 491 1966 rini
519 1909 584 1984 pari
613 1906 745 1985 pondere
777 1914 808 1966 et
841 1925 935 1967 cerae.
976 1907 1044 1966 limo
1073 1925 1179 1986 caprae

346 1997 361 2030 *
434 2013 502 2054 cum
525 1997 650 2073 axungia
672 1994 846 2055 inlinuntur.
890 2002 979 2074 caput
1006 1997 1124 2074 viperae
1148 1996 1179 2055 in
1196 2016 1204 2037 ³

200 2083 343 2222 (Mqrssbp
356 2089 406 2138 108
433 2083 554 2143 linteolo
594 2083 758 2143 involutum
796 2091 825 2143 ct
861 2082 996 2143 lancibus
1029 2083 1180 2161 alligatum

246 2171 298 2210 Μ·
435 2180 526 2232 sanat.

240 2437 253 2484 1
279 2430 397 2498 exigerit
422 2444 448 2498 9.
489 2430 585 2498 exigat
611 2428 752 2497 adaperiri
773 2430 818 2484 rb.
849 2432 853 2497 Ι
887 2428 1010 2484 molliori
1037 2429 1181 2484 curatione

168 2499 285 2570 (ratione
299 2502 325 2569 r)
343 2501 395 2569 pd:
416 2499 506 2554 collini
524 2499 661 2554 rationeb
680 2498 833 2568 (curatione
849 2500 909 2568 bm).
961 2506 976 2553 2
995 2499 1121 2554 radicum
1134 2503 1179 2558 rb.

205 2577 221 2625 3
239 2570 330 2626 illitus
348 2571 398 2652 rb²
417 2568 535 2625 illinitus
553 2571 580 2625 d.
632 2568 773 2624 ldacccti
790 2572 834 2624 rb.
860 2573 864 2638 l
889 2569 1005 2639 tritique
1023 2588 1053 2640 p:
1073 2570 1181 2625 attriti

169 2642 237 2697 aab.
262 2641 268 2724 J
298 2641 458 2696 discutiunt.
496 2639 603 2695 Vitium
631 2639 784 2708 (Viciarum
808 2642 837 2710 d)
866 2640 936 2697 cinis
955 2659 1018 2695 cum
1041 2657 1104 2695 cera
1126 2643 1180 2710 gd:

168 2713 323 2767 discebant
340 2712 448 2767 vitium.
476 2711 592 2767 etitem
610 2710 680 2766 cinis
699 2728 762 2765 cum
782 2713 858 2766 creta
876 2711 997 2781 cymolia
1014 2728 1030 2765 r
1047 2712 1131 2778 (narde
1145 2713 1182 2777 b).

204 2788 220 2837 5
239 2783 301 2853 pari
313 2782 436 2852 pondere
450 2783 611 2838 exiccatrb.
650 2789 744 2837 'lcum
762 2783 874 2837 condito
893 2798 926 2837 ex
945 2783 1035 2836 mulso
1050 2783 1182 2852 brpott

172 2853 175 2924 l
197 2854 377 2908 conciliorum
395 2871 426 2923 p,
450 2853 650 2908 conchiliorum
668 2854 694 2908 d.
759 2853 881 2908 smulaa
894 2854 939 2908 rb.
989 2858 1005 2906 9
1025 2854 1183 2919 contu(n)sa

168 2926 204 2979 rb
224 2925 293 2993 (Pl.)
367 2931 400 2979 10
417 2925 486 2979 ficus
505 2923 579 2979 sicca
598 2928 627 2979 et
644 2923 709 2979 vino
728 2925 808 2979 cocta
826 2925 856 2978 et
876 2923 945 2978 trita
962 2922 1078 2978 adiuvat
1096 2923 1140 2977 rb.

170 3002 204 3050 14
226 2994 354 3065 tepidum
378 2996 404 3050 d.
426 2994 430 3066 Ι
455 2994 619 3065 aparctidc
640 2995 698 3050 Pl:
726 2993 849 3063 parotidi
866 3010 896 3063 p,
915 2993 1043 3062 parotide
1063 2995 1112 3061 (od
1130 3010 1183 3063 seq.

169 3067 298 3134 trobitd)
318 3067 366 3122 db.
405 3071 437 3120 15
457 3065 611 3138 multipedp
629 3082 658 3135 p:
683 3066 743 3120 -des
762 3066 788 3119 d.
818 3063 974 3133 multipeda
993 3064 1184 3133 (Pl.)...illi·

169 3136 306 3207 niturrb.l
318 3138 457 3192 resinarb.
489 3135 676 3206 lbcymoliap.
687 3135 690 3207 l
702 3135 1014 3204 exacetonccatpaor:
1026 3133 1184 3192 exiccatrb.

215 3215 248 3264 18
276 3209 334 3263 rari
361 3206 465 3262 taurini
483 3209 521 3277 pb
541 3209 623 3275 (Pl.)=
652 3224 717 3262 aevo
745 3206 856 3261 taurino
875 3207 902 3260 d.
940 3222 1005 3260 ravo
1024 3205 1136 3259 taurino
1155 3207 1186 3261 at

170 3295 234 3334 cera
247 3299 275 3349 p.
285 3299 312 3349 p.
328 3278 465 3333 similibus
475 3296 498 3333 r.
538 3285 569 3332 19
585 3281 614 3333 et
632 3294 693 3350 carp
711 3294 741 3346 p:
765 3279 794 3332 ct
816 3293 880 3331 cera
898 3277 949 3344 dr,
968 3291 1018 3330 om.
1038 3277 1063 3330 b.
1088 3279 1092 3341 1
1118 3276 1185 3332 fimo

170 3351 223 3416 yde
250 3352 279 3404 et
300 3350 382 3404 fimus
405 3351 450 3404 rb.
524 3356 558 3405 20
576 3347 732 3404 inlinuntur
748 3363 778 3417 p:
802 3346 961 3402 illiniuntur
979 3348 1010 3414 d,
1028 3346 1150 3402 illinitur
1168 3349 1185 3404 b

170 3419 270 3486 (illitus
288 3422 322 3488 r).
396 3427 429 3475 22
449 3421 483 3488 cf.
505 3421 596 3475 Marc.
616 3420 633 3475 l.
653 3436 674 3474 c.
694 3417 810 3488 (tolles
829 3417 935 3488 optime
953 3420 1053 3486 sanat).
