2416 3900
502 192 797 285 -1634

119 387 205 445 inse
229 385 318 445 etiam
341 383 492 444 molliendi
517 392 708 468 potestatem,
735 388 761 447 si
788 388 902 465 graecis
925 397 1023 448 aucto·
1042 391 1112 446 nbi?

119 472 202 535 ribus
235 471 386 535 credimus
424 475 511 535 etiam
544 474 709 536 nutriendi:
746 475 861 536 nullum
896 475 1024 555 denique

119 561 296 623 athletarum
316 562 417 625 cibum
435 564 499 623 sine
518 561 625 624 anetho
645 581 710 623 esse
729 567 891 643 patiuntur.
923 583 1024 644 aegro·

119 648 250 713 lantibus
275 651 400 731 prodest
431 669 500 712 com
532 670 569 713 ex
595 651 661 713 oleo
693 654 872 731 tepefactum
900 653 1024 714 cerebro

94 739 294 801 oinlnnditur.
334 741 467 802 creditur
495 739 564 801 dare
591 740 649 802 illis
672 741 784 820 aliquas
806 750 837 803 et
865 741 957 803 lebris
980 745 1023 804 in·

119 827 229 912 dutiaS,
260 831 374 909 mitigat
405 830 509 909 capitis
536 830 666 912 dolores,
698 848 860 891 nervorum
885 839 1024 893 tensuras

119 916 243 999 relaxat,
277 936 337 979 non
369 919 551 979 dormientes
583 917 619 979 ad
651 936 735 998 spem
767 922 876 999 quietis
912 922 1024 981 invitat.

119 1006 263 1068 stomachi
290 1006 427 1086 querelas
455 1013 574 1067 coctum
599 1010 632 1068 in
659 1026 752 1086 aquae
783 1008 895 1088 cyathis
927 1008 1024 1070 trihus

119 1103 223 1174 potum
245 1097 321 1156 miro
344 1096 432 1156 modo
460 1094 583 1157 relevat:
615 1104 720 1157 ructus
747 1097 857 1158 indicio
885 1106 942 1177 est,
969 1116 1025 1176 per

85 1198 107 1237 10
120 1202 209 1263 quem
239 1183 412 1263 intellegere
440 1183 528 1245 danu
561 1192 662 1264 aperta
688 1187 786 1246 omnia
818 1203 894 1264 quae
925 1185 1025 1245 clausa

119 1272 305 1353 torquebant.
343 1274 523 1352 digestiones
546 1270 679 1335 adiurati
698 1273 765 1334 ideo
788 1281 923 1335 ventrem
945 1275 1023 1335 vide-

119 1368 167 1422 tur
190 1360 340 1441 inhibere.
376 1362 526 1423 intestinis
553 1361 756 1423 laborantibus
780 1372 810 1424 et
838 1364 950 1423 ventris
974 1363 1023 1422 do-

118 1449 173 1510 lori
195 1450 243 1510 vel
266 1468 303 1511 ex
325 1468 402 1530 aqna
424 1450 526 1511 datum
548 1452 579 1509 in
597 1453 718 1530 potione
742 1452 900 1513 succurrit.
937 1453 1023 1512 tritae

119 1538 233 1600 radices
256 1546 287 1599 et
314 1541 461 1619 inpositae
489 1538 656 1600 fervoribus
679 1540 837 1603 medentur
861 1538 1024 1602 oculorum.

86 1628 194 1689 ricinis
217 1629 283 1688 eius
310 1627 466 1708 suspendit
488 1645 575 1688 uvam
596 1627 733 1689 lancibus
761 1632 1024 1709 ingravescentem.

120 1715 253 1777 radicum
279 1717 377 1778 aerior
405 1719 480 1777 cinis
508 1724 567 1797 est,
594 1717 667 1777 adeo
695 1725 729 1778 nt
756 1726 901 1779 curentur
928 1737 964 1778 ex
989 1736 1024 1778 eo

120 1811 150 1865 et
166 1822 236 1867 caro
256 1823 396 1866 crescens
416 1814 446 1866 et
468 1805 622 1865 sordidum
635 1805 741 1865 vulnus
761 1814 791 1866 et
809 1824 884 1886 quae
902 1824 1024 1884 serpere

119 1894 274 1974 incipiunt
310 1912 413 1955 semen
440 1894 634 1956 fervefactum
664 1893 875 1974 admotumque
902 1893 1025 1954 naribus

119 1981 274 2063 singultire
297 2001 358 2044 non
380 1985 500 2062 patitur.

81 2247 106 2287 ao
181 2231 299 2288 ductum
314 2230 437 2289 calefacit
451 2239 479 2288 et
493 2231 643 2306 restringit.
669 2229 797 2306 prohibet
811 2237 1024 2286 sternutamenta
1044 2235 1099 2303 (38)

118 2315 229 2373 naribus
252 2316 417 2390 oppositum.
456 2316 592 2373 deiectum
620 2316 752 2373 stomachi
776 2309 897 2392 [curat]‚
927 2315 1024 2385 capitis

117 2398 241 2458 delorem
263 2406 292 2457 et
313 2402 459 2473 vertigines
475 2393 593 2479 [sedat].
630 2401 659 2457 in
680 2416 749 2475 aqua
770 2408 880 2458 coctum
901 2404 1023 2472 potatum

117 2483 316 2560 indigestiones
332 2493 360 2541 et
375 2501 452 2543 acres
467 2493 562 2542 ructus
579 2485 659 2543 tollit.
689 2486 718 2541 in
737 2484 797 2543 oleo
813 2490 921 2541 coctum
937 2483 1024 2556 capite

118 2567 151 2625 de
166 2568 264 2627 eodem
281 2580 364 2626 uncto
378 2587 505 2628 somnum
519 2570 592 2627 lacit.
621 2586 715 2626 semen
729 2571 788 2626 eius
803 2586 835 2625 er
850 2569 912 2625 vino
927 2576 1024 2642 potum

78 2664 104 2704 as
118 2654 251 2711 tortiones
275 2655 375 2711 ventris
398 2662 426 2711 et
447 2656 639 2712 intestinorum
661 2653 743 2715 tollit.

185 2925 425 2996 ddgrotantibus

114 2998 181 3066 9ιυΖ
201 2996 351 3053 scombro
371 2941 759 3080 (cerciroemtinfuemro.
811 2994 1130 3052 terediturenimillis

115 3067 226 3125 doma.
244 3069 290 3124 rb
311 3068 367 3140 let
383 3067 469 3123 febns
486 3084 537 3138 99,
559 3066 646 3124 febris
669 3070 730 3138 (om.
750 3069 829 3139 et)l:
853 3084 887 3123 ex
905 3066 982 3121 febre
999 3066 1043 3120 rb
1065 3065 1130 3135 tin·

115 3138 212 3196 docies
229 3140 297 3210 oli)
354 3138 502 3209 tmitigas
522 3140 625 3210 (eietg.
682 3137 878 3196 tdormientia
895 3154 914 3205 9
931 3137 996 3204 (tes
1014 3138 1093 3206 v90.)

114 3215 130 3265 9
148 3211 235 3268 modo
251 3210 353 3266 mirol
373 3213 378 3280 Ι
402 3211 509 3266 relevat
525 3211 625 3279 ol(rb,
641 3211 713 3266 solet
725 3209 864 3279 depellere
879 3206 960 3276 Odo)·
983 3206 1129 3287 revelatnp.

134 3280 242 3367 indicio
260 3285 304 3338 est
321 3283 416 3337 ructus
429 3282 474 3338 rb.
529 3287 563 3336 10
581 3281 745 3350 intellegere
764 3280 846 3334 datur
856 3279 970 3359 9Ζ(ΖΖ>·
989 3277 1098 3331 datur
1090 3295 1131 3329 m·

224 3355 306 3424 r(cf.
325 3369 348 3410 e
363 3354 415 3422 25)
433 3351 561 3422 lemnia:
580 3353 615 3419 cs.
631 3350 690 3406 Ode
709 3352 750 3419 (os
763 3348 918 3431 ptomachi).
966 3354 999 3401 11
1018 3347 1132 3403 videtur

112 3427 279 3483 ventreml.
333 3428 368 3479 12
388 3426 417 3479 et
433 3423 539 3479 ventus
561 3421 652 3478 dolori
674 3422 739 3504 pol.
763 3408 797 3475 et
818 3419 909 3476 renni
931 3420 976 3475 νΖ.
1032 3418 1131 3475 1519-

111 3496 395 3626 pavescentibnsr.
460 3501 493 3550 lo
520 3512 542 3548 r.
565 3509 631 3548 vero
659 3491 749 3549 aerim
776 3492 837 3547 ro.-
888 3496 929 3545 tu
942 3505 1062 3605 :emon
1083 3488 1153 3538 em

955 3641 1019 3699 u*

524 2932 541 2979 4
560 2941 594 2980 ex
610 2926 676 2994 pol:
695 2941 746 2981 om
760 2927 806 2982 rb.
822 2925 955 2994 {cerebro
973 2925 1131 2979 infunditur
