2416 3900
408 138 766 258 ’492-

241 356 338 418 alvum
371 374 491 428 movere
524 355 604 435 quod
636 358 697 417 sint
729 357 892 437 strictiora,
923 357 1047 437 hispana
1077 377 1149 419 vero

160 439 223 495 Gal.
241 447 309 526 plus
332 444 445 506 solvere
470 445 549 524 quod
577 447 637 505 sint
664 444 805 507 dulciora.
846 445 924 507 idem
948 465 984 510 ex
1012 445 1150 508 omnibns

137 517 346 616 ¹⁷¹²⁶¹3·prunis
369 552 445 614 quae
464 535 575 595 maiora
593 540 623 594 et
646 533 721 594 elata
740 541 823 616 sunt,
846 552 881 595 es
903 533 1024 596 demum
1045 543 1149 596 tenera

241 632 272 685 et
293 623 452 703 digestioni
474 621 605 683 faciliora
628 628 659 682 et
681 625 778 683 ventri
800 621 959 685 molliendo
982 623 1149 685 adcommo-

240 713 307 773 data
334 712 511 792 praesumit,
543 709 709 772 minoribus
735 713 835 772 omnia
864 714 963 775 inesse
991 715 1176 774 contraries

241 808 340 861 estet
366 807 483 881 agreste
509 816 642 880 pronum
669 801 843 860 austerioris
873 801 1065 880 fortiorisque
1088 803 1147 862 vir·

239 890 322 949 tutis.
350 888 407 948 hoc
426 890 540 949 siccum
561 889 650 949 etiarn
672 895 789 949 veteres
807 888 1011 968 dysentericos
1030 896 1148 950 certum

241 984 286 1037 est
309 977 456 1037 adiuvare.
492 977 605 1055 gummi
622 975 712 1037 huius
731 976 846 1037 arboris
865 995 934 1038 oum
953 979 1020 1038 vino
1043 986 1148 1058 potum

241 1065 369 1127 calculos
400 1066 523 1146 frangit,
556 1083 624 1125 cum
656 1071 739 1126 aceto
771 1066 876 1126 tritum
909 1074 997 1144 atque
1029 1066 1149 1127 inlitum

160 1149 217 1220 (Pl.
239 1152 372 1214 lichenas
400 1155 511 1234 optime
542 1160 658 1233 purgat.
703 1171 779 1232 aqua
808 1155 839 1213 in
872 1171 929 1232 qua
956 1156 1047 1234 pruni
1078 1154 1149 1215 lolia
1162 1167 1188 1207 1⁰

143 1223 232 1291 23166)
241 1242 363 1303 decocta
390 1249 461 1304 sunt
488 1243 620 1321 gingivas
643 1249 673 1302 et
700 1260 787 1302 nvem
814 1244 944 1322 itemque
968 1242 1084 1304 toxillas
1112 1243 1148 1304 ah

240 1333 321 1391 omni
347 1330 468 1410 querela
495 1348 547 1390 ore
576 1330 742 1391 conluendo
768 1329 913 1412 defendit,
946 1330 997 1392 sed
1024 1333 1057 1392 in
1079 1333 1149 1392 vino

240 1420 361 1481 decocta
380 1419 584 1480 vehementius
602 1426 737 1497 prosunt.
770 1419 885 1480 radices
898 1422 1029 1504 itemqne
1045 1427 1148 1481 cortex

240 1508 364 1569 eandem
391 1516 525 1588 stypseos
556 1506 666 1568 habent
698 1515 875 1587 potestatem
902 1526 977 1586 quae
1010 1510 1041 1569 in
1069 1508 1148 1570 loliis

241 1599 401 1656 constituta
425 1604 479 1656 est.
1163 1609 1187 1649 1⁵

305 1795 442 1852 XLVII.
473 1796 522 1852 De
544 1770 722 1866 mespilo.⁴

306 1912 422 1993 Mespili
444 1913 582 1974 arborem
605 1912 792 1974 Dioscorides
816 1921 975 1976 contentus
998 1923 1147 1994 agrestem

112 2004 114 2010 ·
158 1997 221 2053 Gal.
240 2003 407 2061 nominasse
435 2003 598 2080 praeteriit.
635 2000 691 2062 hoc
720 2008 836 2062 tantum
864 2003 1039 2065 adseverant
1067 2005 1148 2084 quod

133 2070 326 2169 ¹¹s⁹⁷2noma
354 2091 418 2150 eius
446 2099 476 2151 et
504 2089 573 2151 lolia
600 2092 710 2151 virtute
737 2109 797 2150 non
825 2090 1003 2172 discrepent.
1041 2092 1148 2154 sedet

239 2179 333 2239 ceteri
356 2177 539 2260 diligentius,
563 2181 614 2258 qui
633 2186 665 2239 et
681 2177 856 2240 vocabulum
878 2182 943 2242 eins
967 2176 1046 2242 aliud
1067 2181 1147 2242 addi·

151 2417 206 2485 (72)
303 2409 386 2465 Pruni
407 2424 517 2482 pomum
539 2425 635 2466 recens
656 2416 779 2465 ventrem
794 2410 892 2482 solvit,
916 2411 1058 2467 stomacho
1081 2427 1148 2468 oon·
1161 2422 1188 2462 so

241 2495 353 2549 trarium
381 2494 524 2550 indicator.
563 2495 635 2550 sicca
662 2509 718 2549 non
747 2500 850 2550 tantum
872 2495 987 2552 molesta
1010 2503 1093 2568 sunt,
1120 2498 1148 2551 in

240 2577 326 2634 mulsa
349 2585 425 2634 cocta
447 2577 536 2633 alvum
558 2586 740 2634 commovent.

205 2836 219 2883 1
234 2831 362 2901 hyspana
375 2833 392 2886 l.
439 2837 455 2885 2
470 2832 548 2888 Idem
562 2849 593 2902 ys
611 2833 682 2888 Item
696 2834 714 2889 l.
759 2839 777 2887 4
790 2834 931 2902 accomloo
945 2832 1092 2902 o)modsta
1099 2850 1147 2903 qo.

168 2906 184 2955 5
204 2901 298 2957 omnis
314 2919 366 2972 oo:
388 2919 439 2959 om.
459 2904 476 2956 l.
540 2909 555 2958 1
575 2905 684 2960 veteres
700 2903 884 2973 disynterioos
907 2903 1103 2974 (dysintericos
1119 2909 1147 2974 o)

131 2988 183 3042 noe
202 2973 386 3042 dysintericos
404 2974 512 3029 veteres
531 2974 548 3029 t.
605 2980 639 3029 to
656 2975 782 3031 lichenes
800 2975 859 3043 (sic)
877 2990 922 3044 go.
980 2980 1013 3029 11
1033 2975 1147 3031 toxillns

132 3044 193 3115 (sic)
215 3046 281 3114 gol:
309 3044 437 3100 tonsillas
465 3044 542 3100 Ptin.
628 3051 661 3100 12
685 3045 810 3115 querella
831 3061 857 3114 9.
886 3047 890 3113 1
920 3062 967 3101 ore
990 3045 1146 3102 conluendo

133 3115 262 3183 (cluendo
271 3117 298 3184 o)
308 3132 359 3199 go:
379 3131 428 3171 ora
441 3116 516 3185 (orae)
532 3115 679 3172 colluendo
694 3119 703 3171 l
717 3117 841 3185 (conluto
855 3131 902 3171 ore
913 3116 979 3186 Pl).
1026 3122 1061 3171 14
1070 3119 1145 3188 styp-

131 3188 192 3241 teos
209 3203 260 3255 oo,
280 3188 397 3256 stspteos
415 3187 432 3241 l.
459 3189 463 3254 l
487 3186 575 3241 habet
591 3188 636 3257 ql,
659 3187 717 3243 hat
734 3204 758 3244 o.
824 3192 857 3242 17
876 3185 1024 3256 praeteriit
1041 3189 1099 3257 (sed
1111 3188 1145 3254 of.

131 3257 169 3311 D.
189 3257 454 3327 1,1oel).ltantum
471 3259 538 3327 gol:
556 3259 653 3314 tamen
670 3260 736 3329 rlsl
756 3257 958 3328 ed(s)seversnt
974 3260 1075 3330 y(rll):
1097 3259 1146 3314 ed·

131 3343 261 3384 serenans
279 3345 309 3397 v,
332 3344 493 3383 asseverans
512 3329 529 3383 t.
562 3330 702 3386 adseverat
720 3334 812 3385 actem
829 3327 965 3398 Galenus,
986 3345 1047 3386 oon
1063 3330 1145 3387 Dros-

125 3399 244 3464 eon'des,
274 3399 349 3454 unde
370 3415 384 3453 c
406 3400 594 3468 superiorvloe
620 3401 754 3470 quaedam
775 3400 904 3456 videntur
930 3400 1109 3459 immadem.

92 3468 160 3590 9192
158 3467 253 3589 00ὐίιέ
255 3471 331 3595 :roboat
337 3470 412 3527 talem
420 3471 556 3528 detentet
566 3470 630 3529 Gol.
640 3476 665 3529 et
675 3471 766 3528 Diosc.
783 3473 789 3540 l
803 3470 972 3526 addiderunt
982 3471 1142 3541 (eddidefo)
