2416 3900
524 147 742 210 ..pg-

394 312 492 372 addito
512 313 612 370 cinere
632 329 667 370 ex
687 308 804 369 ossibus
826 309 972 368 semorum
996 327 1142 387 agnorum

394 409 424 461 et
446 402 559 459 nitrum
582 407 681 460 tusum
705 396 862 457 adhibetur
889 396 1042 458 ulceribus
1066 416 1142 476 quae

293 490 330 545 ib.
394 490 563 548 cicatricem
596 505 654 546 uon
689 485 817 546 trahunt.
862 484 963 564 pulmo
997 488 1144 548 arietinus

394 594 500 636 carnes
523 582 730 636 excrescentes
760 575 791 633 in
814 573 964 634 ulceribus
988 582 1143 655 exaequat

208 736 210 740 Ι
262 674 366 736 antae,
393 664 494 725 ulcera
509 682 584 742 quae
600 669 724 742 serpunt
739 671 768 722 et
783 680 857 741 quae
877 664 908 722 in
923 664 948 721 is
963 671 1171 728 excrescunt⁵

261 763 366 824 arunt.
395 754 469 813 cinis
501 755 631 831 capitum
662 769 816 812 menarum
854 757 980 811 coercet.
1026 751 1144 813 listtrlae

395 843 569 919 aperiuntur
584 843 792 917 siccanturque
812 839 988 900 salsamento
1004 857 1073 900 cum
1087 839 1143 900 lin·

394 929 473 989 teolo
496 931 632 1009 inmisso,
662 930 798 1006 intraque
828 927 954 988 alterum
978 926 1057 989 diem
1080 945 1152 995 om-¹

261 1027 366 1090 36,180.
394 1036 464 1077 nem
487 1017 594 1078 callum
617 1017 766 1077 auferunt.
802 1017 985 1095 serpentium
1006 1016 1144 1078 ulcerum

395 1114 514 1166 coercet
540 1107 670 1184 impetus
702 1103 765 1165 calx
795 1122 856 1165 non
887 1104 946 1164 lota
978 1112 1143 1184 temperata
1156 1115 1184 1156 10

279 1188 281 1193 ’
395 1213 431 1253 ex
454 1197 569 1254 rosacio
593 1202 623 1253 et
646 1202 729 1254 aceto
749 1201 837 1272 atque
860 1193 957 1273 inlita,
979 1211 1049 1254 mox
1073 1210 1142 1254 cera

395 1301 428 1342 ac
451 1285 566 1343 rosacio
588 1284 733 1360 permixta
752 1282 890 1360 perducit
908 1280 944 1340 ad
963 1283 1143 1342 cicatricem.

261 1381 366 1443 26‚148.
395 1371 581 1451 symphytum
601 1373 698 1431 omnia
713 1369 814 1431 ulcera
832 1370 986 1430 celerrime
1005 1370 1145 1449 perducit

147 1464 243 1529 ronne
262 1461 322 1527 (orn.
341 1461 366 1529 r)
395 1459 430 1517 ad
459 1460 628 1518 cicatricem
656 1466 686 1518 et
714 1466 804 1519 sanat.
846 1458 1024 1537 plantaginis
1051 1476 1144 1519 sucus

270 1555 365 1618 nehel
394 1546 561 1607 infunditur
593 1546 712 1627 fistulis,
750 1554 779 1606 et
811 1548 938 1607 mittitur
969 1546 1065 1608 isdem
1101 1545 1142 1606 fel
1155 1555 1182 1596 1⁵

263 1628 322 1694 (⁰m·
341 1626 367 1693 θ’)
394 1636 545 1695 taurinum
577 1653 645 1694 cum
677 1638 760 1714 porri
793 1654 864 1695 suco
896 1636 961 1714 pari
992 1653 1143 1700 mensura.

261 1732 365 1795 28342.
395 1725 592 1782 carcinomata
616 1731 759 1783 curantur
788 1723 910 1801 coagulo
938 1722 1048 1801 leporis
1073 1741 1144 1784 cum

393 1813 458 1890 pari
481 1829 620 1871 mensura
640 1813 788 1893 capparis,
812 1811 892 1890 qnod
910 1818 1072 1890 utrumque
1092 1810 1142 1872 ad-

293 1900 330 1954 tu.
394 1917 532 1977 spersum
550 1901 617 1957 vino
637 1901 745 1959 teritur
764 1918 830 1960 una.
859 1901 1033 1978 gangraenis
1051 1900 1144 1978 pinna

220 2016 221 2019 =
294 1988 329 2041 ib.
393 1987 529 2046 inlinitur
552 1986 591 2045 lel
613 1989 758 2048 ursinum.
794 1990 820 2047 is
839 2006 914 2066 quae
933 1994 1059 2066 serpunt
1080 2006 1142 2048 me·
1155 1997 1183 2038 2⁰

262 2084 366 2148 nante.
394 2074 482 2135 detur
505 2071 602 2154 <asini
624 2075 803 2153 ungularum
826 2072 929 2154 cinis).
967 2093 1072 2136 caseus
1096 2095 1143 2136 ca·

393 2166 498 2241 prinus
522 2164 619 2224 siccus
643 2182 680 2223 ex
703 2172 786 2224 aceto
810 2171 840 2223 et
858 2163 944 2224 melle
966 2172 1076 2242 purgat
1098 2163 1143 2225 ul-

293 2252 329 2306 u.
395 2269 470 2311 cera.
499 2269 573 2330 quae
589 2260 713 2330 serpunt
733 2250 852 2312 cohibet
865 2269 968 2312 sevum
987 2255 1144 2331 caprinum

293 2341 330 2394 ib.
394 2358 463 2400 cum
473 2357 549 2399 cera.
564 2339 643 2398 idem
651 2339 758 2401 additis
769 2339 1144 2420 sulphureetpicepurgat

198 2571 212 2616 1
233 2561 329 2617 addito
349 2560 454 2616 cinere:
478 2561 513 2628 cf.
534 2562 609 2616 Plio.
630 2562 647 2617 l.
666 2579 688 2616 c.
707 2563 757 2616 ubi
775 2564 824 2615 eut
843 2561 935 2615 cinere
958 2548 1051 2630 legiter
1067 2562 1144 2616 oide-

126 2636 172 2687 tur
191 2635 351 2702 epitomator
370 2633 457 2701 (apud
475 2648 551 2700 quem
569 2633 741 2688 scribendum
760 2633 809 2686 eut
827 2631 901 2686 nitro
919 2633 1002 2701 tuso).
1024 2634 1029 2701 1
1053 2631 1143 2686 femo-

125 2722 189 2759 rum
203 2704 349 2772 (feminum
364 2704 433 2772 Pl.):
457 2702 600 2758 firm0rum
612 2704 683 2773 pdb.
734 2708 750 2757 5
769 2703 799 2757 in
812 2703 847 2757 iis
862 2703 944 2772 (Pl.):
967 2702 998 2756 in
1015 2703 1061 2757 his
1078 2704 1143 2771 pdb

127 2775 171 2843 (cf.
181 2792 303 2844 acuprap.
315 2776 413 2843 77,14).
464 2780 479 2828 6
499 2774 637 2831 minarum
656 2774 786 2828 cohercet
803 2774 829 2828 d.
881 2779 896 2826 7
915 2790 991 2826 cum:
1010 2779 1048 2828 ci
1067 2775 1144 2842 (cum

127 2847 157 2901 in
175 2848 224 2914 sic)
243 2847 269 2901 d.
318 2845 479 2900 .9callem
497 2846 523 2900 d.
549 2847 552 2912 Ι
580 2845 671 2899 aufert
690 2846 713 2898 b.
788 2849 822 2898 10
848 2843 978 2898 cohercet
995 2845 1022 2899 d.
1048 2845 1054 2911 l
1079 2843 1144 2898 celx

125 2919 198 2973 bmr:
218 2917 378 2988 gellepdb.
431 2923 462 2969 11
481 2915 565 2970 inlita
580 2916 624 2970 Pl.
644 2914 780 2989 (illitar):
799 2914 890 2969 indite
907 2914 978 2983 pdh
1030 2919 1064 2968 12
1079 2930 1143 2983 per·

124 2988 213 3045 mixte
231 3005 280 3044 otu.
300 2989 326 3044 d.
386 2992 419 3041 13
439 2985 800 3054 Symfitum—cicetricem
822 2986 874 3055 qb:
902 3001 952 3039 om.
976 2985 1003 3038 d.
1060 2989 1094 3038 15
1112 2986 1145 3038 et

124 3060 247 3116 mittitur
265 3058 375 3114 hisdem
393 3074 422 3127 p:
442 3059 472 3112 et
489 3056 662 3126 mitigentur.
690 3057 806 3112 Hisdem
824 3058 855 3124 d,
875 3059 904 3111 et
922 3054 1029 3109 eisdem
1047 3054 1144 3110 mede·

123 3133 211 3187 turb.
286 3137 319 3185 16
338 3129 400 3199 pori
418 3129 444 3183 d.
470 3129 474 3195 Ι
499 3142 629 3182 mensura
652 3126 794 3182 cinomete
812 3128 950 3182 curentur.
984 3124 1144 3195 coagulum

125 3201 296 3272 (Quegulum
318 3203 359 3269 9),
384 3204 430 3254 etc.
453 3199 502 3267 pd.
576 3203 609 3252 18
633 3196 742 3267 ceperis
765 3199 790 3254 d.
817 3200 820 3265 Ι
850 3197 1022 3321 adsparsum·
1037 3197 1087 3265 pd.

23 3296 28 3303 ·
161 3278 193 3327 19
209 3270 449 3341 cengreginispb,
469 3267 671 3338 caugriginisd
689 3269 797 3337 (omri.
849 3274 884 3323 20
926 3267 952 3322 el
966 3285 1143 3322 ursinum...

124 3341 252 3396 medetur
269 3342 332 3410 pdb
360 3340 520 3409 (adhibetur
538 3341 570 3408 r).
597 3341 601 3407 Ι
630 3339 667 3392 is:
696 3339 741 3394 his
763 3340 834 3408 pdb.
860 3341 864 3406 Ι
890 3353 974 3408 quae:
1023 3336 1055 3390 ui
1073 3339 1100 3392 d.

124 3415 157 3463 21
174 3411 359 3465 asini-ciuis
375 3412 474 3466 addidi
487 3427 520 3465 erc
536 3411 581 3464 Pl.
600 3410 644 3478 (cf.
662 3409 699 3463 M
706 3427 737 3479 p.
752 3415 787 3464 43
797 3412 877 3479 sup).
914 3413 948 3462 23
962 3423 1013 3477 pro
1037 3407 1098 3462 'bet
1114 3407 1142 3462 d.

148 3483 188 3530 n
204 3496 229 3532 a.
252 3497 316 3534 cum
335 3482 473 3551 sulphure
490 3483 541 3552 pd.
