2416 3900
473 176 692 242 „56-

247 353 316 422 rap.
344 341 453 401 lienem
481 341 616 400 consumi
639 343 755 399 certum
782 344 836 398 est.
873 345 1095 401 sarmentorum

346 431 420 491 cinis
440 435 524 488 aceto
539 445 719 506 conspersus
737 425 815 487 binis
834 425 946 505 cyathis
965 445 1003 487 cx
1018 445 1094 507 aqua

345 513 1093 594 dfflwfflmmMmme

188 609 315 683 (31,128.)
346 605 474 666 debebit.
503 612 620 666 acetum
638 602 751 664 bibitur
770 611 800 664 ct
817 606 849 664 in
863 606 986 683 spongia
1005 622 1094 684 appo-

230 707 317 770 2426.
346 697 436 755 nitur.
473 693 605 773 corymbi
628 692 755 753 hederae
774 694 838 771 poti
855 692 902 752 vel
925 692 1003 753 inliti
1025 704 1123 773 pro-⁶

232 794 317 858 24,68.
347 790 425 845 sunt.
453 784 577 844 ericaeis
590 783 667 845 vasis
685 783 716 842 in
734 782 855 860 potione
875 798 994 861 semper
1007 788 1094 843 uten-

232 883 319 947 30,51.
347 872 418 932 dum
433 879 486 932 est.
514 871 637 952 pecudis
655 869 715 930 lien
729 887 835 930 recens
850 887 942 949 super
960 869 1095 932 dolorem

348 959 531 1039 extenditur,
564 960 680 1020 dicente
709 977 744 1018 eo
777 960 829 1037 qui
860 957 1029 1033 medebitur
1062 962 1102 1020 sd

347 1048 456 1127 lienem
469 1048 596 1128 mederi,
620 1046 726 1108 deinde
744 1049 777 1107 in
793 1048 910 1126 pariete
927 1046 1096 1109 dormitorii

347 1137 477 1198 cubiculi
504 1138 631 1198 tectorio
663 1134 826 1196 includitur
858 1142 888 1195 et
915 1141 962 1196 ter
990 1139 1092 1198 novies
1107 1147 1135 1187 1⁰

253 1230 257 1241 '
275 1269 282 1282 .
347 1226 538 1305 subsignatur
552 1225 713 1303 eademque
728 1223 873 1285 dicentur.
897 1226 1022 1285 caninus
1034 1224 1096 1287 lien

346 1317 456 1375 viventi
474 1316 614 1374 eximitur
633 1321 663 1373 et
685 1312 831 1373 laboranti
852 1314 884 1372 in
908 1311 974 1372 cibo
998 1307 1095 1374 datum
1134 1320 1138 1325 ”

267 1451 274 1476 ,
313 1450 319 1462 .
347 1402 454 1463 liberat
472 1402 508 1462 de
528 1404 599 1462 vitio
617 1401 704 1461 lienis
728 1400 843 1462 cattdus
867 1400 960 1462 duum
978 1400 1098 1462 dierum

253 1495 258 1505 ’
277 1534 283 1547 .
348 1491 433 1551 datus
448 1492 596 1568 ignoranti
610 1507 698 1568 aegro
713 1492 743 1549 in
759 1488 825 1550 cibo
841 1508 876 1550 ex
891 1497 983 1550 aceto.
1013 1490 1095 1550 idern

254 1581 283 1633 '.
348 1587 378 1638 et
406 1578 467 1638 lien
490 1580 620 1638 erinacei
648 1585 787 1657 praestat.
825 1577 992 1639 coclearum
1019 1579 1097 1639 ciuis
1110 1589 1138 1630 1⁵

348 1685 416 1727 cum
447 1667 501 1726 lini
532 1669 644 1726 semine
673 1673 703 1726 et
734 1668 847 1727 urticae
876 1665 976 1727 addito
1008 1666 1096 1727 melle

254 1757 283 1810 ’.
347 1756 510 1835 imponitur
534 1755 628 1815 donec
646 1763 831 1834 personetur.
863 1753 974 1815 lacerta
992 1755 1097 1816 viridis

347 1845 412 1903 viva
442 1845 474 1904 iu
504 1843 560 1903 olla
592 1850 660 1903 ante
688 1842 859 1904 cubiculum
887 1843 1097 1904 dormitorium

349 1931 555 2012 suspenditur,
578 1939 612 1992 ut
635 1931 790 2010 egrediens
814 1939 844 1991 ct
866 1931 986 1991 rediens
1006 1949 1097 1993 manu

252 2064 260 2092 ‚
314 2064 321 2078 .
348 2026 456 2097 tangat.
485 2019 568 2080 sedat
586 2019 694 2079 lienem
708 2019 748 2079 fel
768 2021 833 2100 apri
845 2019 892 2079 vel
906 2021 969 2080 suis
981 2028 1097 2102 potum,
1110 2030 1139 2074 to

255 2110 284 2161 '.
349 2109 461 2168 cervini
484 2126 593 2169 cornus
617 2109 692 2168 cinis
719 2116 807 2187 potus
831 2126 867 2168 ex
895 2114 988 2168 aceto.
1027 2111 1097 2188 equi

256 2198 284 2252 '.
348 2194 448 2274 lingua
470 2199 633 2259 inveterata
651 2215 689 2256 ex
707 2198 775 2256 vino
798 2195 919 2256 bibitur.
955 2213 1097 2276 praesen·

349 2292 436 2344 tanco
463 2285 596 2345 remedio
628 2285 688 2345 lien
715 2283 846 2346 bubulus
878 2302 963 2344 assus
990 2302 1100 2346 recens
1120 2278 1135 2303 ⁶

256 2374 285 2427 '.
348 2371 395 2432 vel
417 2372 512 2434 elixus
535 2375 566 2433 in
585 2373 660 2434 cibo.
689 2373 738 2433 alii
761 2375 856 2452 capita
870 2387 919 2432 xx
942 2379 1010 2433 tusa
1029 2390 1100 2435 cum

154 2667 170 2716 2
190 2678 224 2717 ex
242 2680 317 2733 equa
335 2665 432 2735 tepida
450 2667 544 2722 Marc.
560 2667 637 2737 (Pu).
706 2673 724 2721 4
742 2665 858 2735 debebit
874 2683 904 2736 9:
924 2665 1010 2721 debet
1026 2667 1075 2722 db.
1094 2667 1098 2738 Ι

82 2736 233 2859 ene
250 2735 469 2864 recreer
482 2737 830 2879 recrearetur.
861 2735 1101 2864 struere

85 2876 88 2943 ι
106 2874 180 2930 vasis
198 2877 240 2931 co
258 2877 283 2931 o.
311 2878 314 2946 t
339 2880 419 2933 utere
437 2881 463 2936 e.
537 2886 553 2935 e
573 2880 795 2948 arcente-(11)
810 2850 938 2933 dicentur
956 2895 1006 2934 om.
1028 2879 1053 2934 c.

84 2952 99 3002 9
120 2946 276 3002 dormitorii
290 2949 320 3003 d:
340 2948 393 3004 ·rio
412 2966 437 3020 9.
503 2957 536 3006 10
554 2950 674 3006 tectorio
692 2950 722 3006 id
741 2951 784 3005 est
802 2949 925 3019 capsella
936 2950 965 3018 (i)
981 2949 1076 3005 Maro.
1093 2949 1097 3021 Ι

82 3017 235 3073 includitur
248 3034 284 3073 ac.
298 3019 388 3089 lienp
406 3021 472 3089 (Pl,
487 3021 547 3091 M):
566 3022 724 3076 medebitur
737 3022 764 3075 d.
815 3026 848 3074 11
867 3018 939 3074 lieno
957 3020 1019 3090 (aio)
1036 3037 1063 3090 9.

84 3096 116 3143 12
142 3092 171 3145 et
192 3089 328 3145 liberatur
350 3091 376 3145 d.
395 3111 421 3146 v.
440 3091 459 3148 1.
479 3090 595 3147 Catulus
617 3098 664 3147 etc.
685 3093 709 3146 b.
782 3097 815 3145 13
839 3090 874 3145 de
893 3088 964 3145 vitio
982 3092 1035 3161 pb:
1065 3090 1101 3146 de

83 3161 194 3216 vinoci.
221 3163 225 3229 Ι
250 3161 406 3230 duumpb:
426 3162 588 3218 duoromd.
635 3168 669 3217 14
688 3165 717 3217 et
735 3164 815 3218 aceto
831 3162 914 3219 iuvat
931 3162 956 3216 b.
1003 3160 1102 3216 iiim

83 3231 158 3286 nacii
175 3248 205 3300 p,
224 3232 367 3287 herinacei
385 3233 411 3287 d.
486 3239 519 3288 16
539 3251 603 3287 oum
620 3233 673 3287 lini
693 3240 706 3287 1
772 3232 877 3288 semine
896 3232 926 3286 et
942 3231 1031 3287 ultioe
1050 3232 1060 3300 (
1081 3234 1088 3247 ‘

84 3318 145 3355 cum
163 3303 234 3372 albo)
253 3304 279 3357 d.
349 3309 382 3358 17
402 3305 515 3358 sonetur
534 3305 558 3360 b.
623 3311 656 3359 18
675 3304 741 3359 viva
759 3320 808 3359 om.
828 3304 854 3358 d.
881 3305 886 3372 Ι
910 3302 939 3356 in
960 3304 1018 3358 olla
1035 3304 1101 3373 pdb

85 3370 165 3439 (Pl.):
193 3372 223 3426 in
246 3373 317 3429 ostio
337 3374 430 3430 Marc.
449 3392 480 3445 p.
501 3381 560 3430 166.
587 3377 591 3442 1
620 3375 815 3431 dormitorium
838 3373 1025 3444 (·rii1d)pd:
1053 3373 1102 3429 -rii

84 3442 300 3523 (·riid⁰)bd⁰.
365 3452 399 3501 19
417 3449 451 3501 ut
467 3447 521 3517 qd:
541 3447 612 3502 etb.
685 3453 720 3501 20
739 3446 909 3515 εθᾱ21ῳ1);
929 3443 1064 3512 swod.

121 3517 154 3566 22
172 3512 264 3568 bibita
281 3515 364 3573 valet.
385 3517 408 3572 b.
477 3517 608 3588 23.lyeni
626 3517 649 3572 b.
676 3517 680 3585 Ι
704 3516 817 3573 bibulus
834 3517 861 3570 d.
