<?xml version="1.0" encoding="UTF-8"?>
<!DOCTYPE html PUBLIC "-//W3C//DTD XHTML 1.0 Transitional//EN"
    "http://www.w3.org/TR/xhtml1/DTD/xhtml1-transitional.dtd">
<html xmlns="http://www.w3.org/1999/xhtml" xml:lang="en" lang="en">
 <head>
  <title>
</title>
<meta http-equiv="Content-Type" content="text/html;charset=utf-8" />
  <meta name='ocr-system' content='tesseract 3.04.00' />
  <meta name='ocr-capabilities' content='ocr_page ocr_carea ocr_par ocr_line ocrx_word'/>
</head>
<body>
  <div class='ocr_page' id='page_1' title='image "./pliniisecundiqu02plingoog_0118.png"; bbox 0 0 2416 3900; ppageno 0'>
   <div class='ocr_carea' id='block_1_1' title="bbox 369 714 792 910">
    <p class='ocr_par' dir='ltr' id='par_1_1' title="bbox 369 714 792 910">
     <span class='ocr_line' id='line_1_1' title="bbox 369 714 792 813; baseline -0.002 -12"><span class='ocrx_word' id='word_1_1' title='bbox 369 715 597 813; x_wconf 73' lang='lat' dir='ltr'>Medicina</span> <span class='ocrx_word' id='word_1_2' title='bbox 633 714 792 800; x_wconf 86' lang='lat' dir='ltr'>Plinii.</span> 
     </span>
     <span class='ocr_line' id='line_1_2' title="bbox 462 848 720 910; baseline -0.008 -3"><span class='ocrx_word' id='word_1_3' title='bbox 462 848 576 908; x_wconf 87' lang='lat' dir='ltr'>Romae</span> <span class='ocrx_word' id='word_1_4' title='bbox 603 850 720 910; x_wconf 83' lang='lat'><strong>1509..</strong></span> 
     </span>
    </p>
   </div>
   <div class='ocr_carea' id='block_1_2' title="bbox 405 1047 752 1118">
    <p class='ocr_par' dir='ltr' id='par_1_2' title="bbox 405 1047 752 1118">
     <span class='ocr_line' id='line_1_3' title="bbox 405 1047 752 1118; baseline -0.009 -12"><span class='ocrx_word' id='word_1_5' title='bbox 405 1047 524 1118; x_wconf 78' lang='lat' dir='ltr'>capita</span> <span class='ocrx_word' id='word_1_6' title='bbox 540 1047 623 1104; x_wconf 82' lang='lat' dir='ltr'>libri</span> <span class='ocrx_word' id='word_1_7' title='bbox 639 1047 752 1118; x_wconf 79' lang='lat' dir='ltr'>primi.</span> 
     </span>
    </p>
   </div>
   <div class='ocr_carea' id='block_1_3' title="bbox 14 1159 1083 3571">
    <p class='ocr_par' dir='ltr' id='par_1_3' title="bbox 14 1159 1083 3571">
     <span class='ocr_line' id='line_1_4' title="bbox 172 1159 1082 1230; baseline 0.002 -15"><span class='ocrx_word' id='word_1_8' title='bbox 172 1161 187 1215; x_wconf 96' lang='lat' dir='ltr'>I</span> <span class='ocrx_word' id='word_1_9' title='bbox 212 1161 258 1216; x_wconf 79' lang='lat' dir='ltr'>nd</span> <span class='ocrx_word' id='word_1_10' title='bbox 276 1162 416 1218; x_wconf 80' lang='lat' dir='ltr'>catarrum</span> <span class='ocrx_word' id='word_1_11' title='bbox 437 1160 542 1216; x_wconf 82' lang='lat' dir='ltr'>valed</span> <span class='ocrx_word' id='word_1_12' title='bbox 570 1159 772 1218; x_wconf 68' lang='lat' dir='ltr'>abundantiam</span> <span class='ocrx_word' id='word_1_13' title='bbox 797 1163 945 1215; x_wconf 87' lang='lat' dir='ltr'>humorum</span> <span class='ocrx_word' id='word_1_14' title='bbox 967 1161 1082 1230; x_wconf 85' lang='lat' dir='ltr'>eapitis:</span> 
     </span>
     <span class='ocr_line' id='line_1_5' title="bbox 214 1231 526 1302; baseline -0.01 -14"><span class='ocrx_word' id='word_1_15' title='bbox 214 1232 329 1302; x_wconf 84' lang='lat' dir='ltr'>etquid</span> <span class='ocrx_word' id='word_1_16' title='bbox 348 1231 385 1287; x_wconf 92' lang='lat' dir='ltr'>sit</span> <span class='ocrx_word' id='word_1_17' title='bbox 403 1233 526 1286; x_wconf 79' lang='lat' dir='ltr'>eatanns</span> 
     </span>
     <span class='ocr_line' id='line_1_6' title="bbox 163 1301 520 1372; baseline 0 -16"><span class='ocrx_word' id='word_1_18' title='bbox 163 1302 189 1356; x_wconf 90' lang='lat' dir='ltr'>H</span> <span class='ocrx_word' id='word_1_19' title='bbox 214 1303 259 1358; x_wconf 81' lang='lat' dir='ltr'>nd</span> <span class='ocrx_word' id='word_1_20' title='bbox 278 1302 402 1359; x_wconf 87' lang='lat' dir='ltr'>dolorem</span> <span class='ocrx_word' id='word_1_21' title='bbox 421 1301 520 1372; x_wconf 87' lang='lat' dir='ltr'>eapitis</span> 
     </span>
     <span class='ocr_line' id='line_1_7' title="bbox 150 1372 488 1444; baseline 0 -16"><span class='ocrx_word' id='word_1_22' title='bbox 150 1372 189 1436; x_wconf 85' lang='grc' dir='ltr'>ΙΙΙ</span> <span class='ocrx_word' id='word_1_23' title='bbox 214 1373 260 1428; x_wconf 85' lang='lat' dir='ltr'>Ad</span> <span class='ocrx_word' id='word_1_24' title='bbox 279 1373 488 1444; x_wconf 79' lang='lat' dir='ltr'>cephalargiam</span> 
     </span>
     <span class='ocr_line' id='line_1_8' title="bbox 136 1438 822 1515; baseline 0.001 -16"><span class='ocrx_word' id='word_1_25' title='bbox 136 1438 189 1499; x_wconf 86' lang='lat'>1111</span> <span class='ocrx_word' id='word_1_26' title='bbox 214 1445 260 1499; x_wconf 80' lang='lat' dir='ltr'>nd</span> <span class='ocrx_word' id='word_1_27' title='bbox 277 1443 398 1515; x_wconf 85' lang='lat' dir='ltr'>ptyrias‚</span> <span class='ocrx_word' id='word_1_28' title='bbox 417 1446 447 1498; x_wconf 87' lang='lat' dir='ltr'>et</span> <span class='ocrx_word' id='word_1_29' title='bbox 463 1443 633 1514; x_wconf 81' lang='lat' dir='ltr'>porrigines,</span> <span class='ocrx_word' id='word_1_30' title='bbox 653 1445 682 1499; x_wconf 88' lang='lat' dir='ltr'>et</span> <span class='ocrx_word' id='word_1_31' title='bbox 699 1443 822 1515; x_wconf 72' lang='lat' dir='ltr'>punitus</span> 
     </span>
     <span class='ocr_line' id='line_1_9' title="bbox 162 1513 693 1584; baseline 0.004 -15"><span class='ocrx_word' id='word_1_32' title='bbox 162 1513 189 1569; x_wconf 91' lang='lat' dir='ltr'><strong>V</strong></span> <span class='ocrx_word' id='word_1_33' title='bbox 214 1515 260 1570; x_wconf 85' lang='lat' dir='ltr'>Ad</span> <span class='ocrx_word' id='word_1_34' title='bbox 277 1515 373 1571; x_wconf 81' lang='lat' dir='ltr'>ulcera</span> <span class='ocrx_word' id='word_1_35' title='bbox 389 1514 420 1569; x_wconf 91' lang='lat' dir='ltr'>in</span> <span class='ocrx_word' id='word_1_36' title='bbox 438 1515 530 1584; x_wconf 79' lang='lat' dir='ltr'>capide</span> <span class='ocrx_word' id='word_1_37' title='bbox 548 1515 693 1571; x_wconf 75' lang='lat' dir='ltr'>manantia</span> 
     </span>
     <span class='ocr_line' id='line_1_10' title="bbox 149 1585 713 1668; baseline 0 -28"><span class='ocrx_word' id='word_1_38' title='bbox 149 1585 189 1640; x_wconf 94' lang='lat' dir='ltr'>VI</span> <span class='ocrx_word' id='word_1_39' title='bbox 214 1586 259 1647; x_wconf 79' lang='lat' dir='ltr'>Aa</span> <span class='ocrx_word' id='word_1_40' title='bbox 277 1585 434 1668; x_wconf 69' lang='lat' dir='ltr'>alopeciam</span> <span class='ocrx_word' id='word_1_41' title='bbox 709 1599 713 1607; x_wconf 90' lang='lat'><strong>·</strong></span> 
     </span>
     <span class='ocr_line' id='line_1_11' title="bbox 135 1655 601 1727; baseline -0.002 -16"><span class='ocrx_word' id='word_1_42' title='bbox 135 1656 189 1711; x_wconf 88' lang='lat' dir='ltr'>VH</span> <span class='ocrx_word' id='word_1_43' title='bbox 214 1657 260 1711; x_wconf 91' lang='lat' dir='ltr'>Ad</span> <span class='ocrx_word' id='word_1_44' title='bbox 278 1656 396 1727; x_wconf 85' lang='lat' dir='ltr'>oapnllos</span> <span class='ocrx_word' id='word_1_45' title='bbox 414 1655 601 1725; x_wconf 86' lang='lat' dir='ltr'>denigrandos</span> 
     </span>
     <span class='ocr_line' id='line_1_12' title="bbox 122 1726 857 1797; baseline -0.001 -15"><span class='ocrx_word' id='word_1_46' title='bbox 122 1726 187 1782; x_wconf 83' lang='lat' dir='ltr'><strong>VIII</strong></span> <span class='ocrx_word' id='word_1_47' title='bbox 213 1727 258 1782; x_wconf 83' lang='lat' dir='ltr'>Ad</span> <span class='ocrx_word' id='word_1_48' title='bbox 276 1729 491 1797; x_wconf 85' lang='lat' dir='ltr'>hemyeraneam</span> <span class='ocrx_word' id='word_1_49' title='bbox 509 1729 539 1781; x_wconf 88' lang='lat' dir='ltr'>et</span> <span class='ocrx_word' id='word_1_50' title='bbox 555 1728 714 1796; x_wconf 85' lang='lat' dir='ltr'>temporum</span> <span class='ocrx_word' id='word_1_51' title='bbox 732 1726 857 1782; x_wconf 83' lang='lat' dir='ltr'>dolorem</span> 
     </span>
     <span class='ocr_line' id='line_1_13' title="bbox 147 1797 908 1867; baseline -0.001 -14"><span class='ocrx_word' id='word_1_52' title='bbox 147 1798 186 1853; x_wconf 91' lang='lat' dir='ltr'>IX</span> <span class='ocrx_word' id='word_1_53' title='bbox 211 1798 257 1853; x_wconf 77' lang='lat' dir='ltr'>nd</span> <span class='ocrx_word' id='word_1_54' title='bbox 275 1798 401 1854; x_wconf 87' lang='lat' dir='ltr'>dolorem</span> <span class='ocrx_word' id='word_1_55' title='bbox 420 1797 561 1853; x_wconf 81' lang='lat' dir='ltr'>auriculae</span> <span class='ocrx_word' id='word_1_56' title='bbox 579 1798 626 1854; x_wconf 83' lang='lat' dir='ltr'>vel</span> <span class='ocrx_word' id='word_1_57' title='bbox 644 1814 733 1867; x_wconf 88' lang='lat' dir='ltr'>aquae</span> <span class='ocrx_word' id='word_1_58' title='bbox 751 1798 908 1867; x_wconf 86' lang='lat' dir='ltr'>ingressum</span> 
     </span>
     <span class='ocr_line' id='line_1_14' title="bbox 163 1868 708 1925; baseline 0 -2"><span class='ocrx_word' id='word_1_59' title='bbox 163 1869 189 1923; x_wconf 89' lang='lat' dir='ltr'>X</span> <span class='ocrx_word' id='word_1_60' title='bbox 214 1869 259 1924; x_wconf 82' lang='lat' dir='ltr'>Ad</span> <span class='ocrx_word' id='word_1_61' title='bbox 277 1869 403 1925; x_wconf 88' lang='lat' dir='ltr'>dolorem</span> <span class='ocrx_word' id='word_1_62' title='bbox 420 1868 530 1923; x_wconf 88' lang='lat' dir='ltr'>aurium</span> <span class='ocrx_word' id='word_1_63' title='bbox 700 1873 708 1885; x_wconf 89' lang='lat'>&#39;</span> 
     </span>
     <span class='ocr_line' id='line_1_15' title="bbox 148 1937 1015 2009; baseline -0.001 -15"><span class='ocrx_word' id='word_1_64' title='bbox 148 1939 188 1994; x_wconf 90' lang='lat' dir='ltr'>XI</span> <span class='ocrx_word' id='word_1_65' title='bbox 212 1939 258 1994; x_wconf 86' lang='lat' dir='ltr'>Ad</span> <span class='ocrx_word' id='word_1_66' title='bbox 275 1939 402 1995; x_wconf 84' lang='lat' dir='ltr'>dolorem</span> <span class='ocrx_word' id='word_1_67' title='bbox 421 1937 530 1994; x_wconf 87' lang='lat' dir='ltr'>aurium</span> <span class='ocrx_word' id='word_1_68' title='bbox 548 1939 697 2009; x_wconf 85' lang='lat' dir='ltr'>antiquum</span> <span class='ocrx_word' id='word_1_69' title='bbox 715 1939 834 1995; x_wconf 84' lang='lat' dir='ltr'>fetorem</span> <span class='ocrx_word' id='word_1_70' title='bbox 853 1942 882 1994; x_wconf 93' lang='lat' dir='ltr'>et</span> <span class='ocrx_word' id='word_1_71' title='bbox 901 1940 1015 1995; x_wconf 88' lang='lat' dir='ltr'>odorem</span> 
     </span>
     <span class='ocr_line' id='line_1_16' title="bbox 131 2009 1083 2136; baseline 0.001 -72"><span class='ocrx_word' id='word_1_72' title='bbox 131 2009 183 2064; x_wconf 86' lang='lat' dir='ltr'>XII</span> <span class='ocrx_word' id='word_1_73' title='bbox 209 2010 381 2136; x_wconf 62' lang='lat' dir='ltr'>Addlaunium</span> <span class='ocrx_word' id='word_1_74' title='bbox 399 2010 624 2065; x_wconf 68' lang='lat' dir='ltr'>imbecillitatem</span> <span class='ocrx_word' id='word_1_75' title='bbox 637 2010 684 2066; x_wconf 85' lang='lat' dir='ltr'>vel</span> <span class='ocrx_word' id='word_1_76' title='bbox 702 2011 798 2065; x_wconf 87' lang='lat' dir='ltr'>surdos</span> <span class='ocrx_word' id='word_1_77' title='bbox 816 2012 846 2065; x_wconf 86' lang='lat' dir='ltr'>ot</span> <span class='ocrx_word' id='word_1_78' title='bbox 859 2027 906 2066; x_wconf 85' lang='lat' dir='ltr'>eos</span> <span class='ocrx_word' id='word_1_79' title='bbox 924 2012 974 2080; x_wconf 86' lang='lat' dir='ltr'>qui</span> <span class='ocrx_word' id='word_1_80' title='bbox 991 2010 1083 2065; x_wconf 84' lang='lat' dir='ltr'>minus</span> 
     </span>
     <span class='ocr_line' id='line_1_17' title="bbox 211 2081 330 2137; baseline 0.017 -2"><span class='ocrx_word' id='word_1_81' title='bbox 211 2097 248 2135; x_wconf 89' lang='lat' dir='ltr'>au</span> <span class='ocrx_word' id='word_1_82' title='bbox 270 2081 330 2137; x_wconf 84' lang='lat' dir='ltr'>‘unt</span> 
     </span>
     <span class='ocr_line' id='line_1_18' title="bbox 122 2150 420 2222; baseline 0.003 -16"><span class='ocrx_word' id='word_1_83' title='bbox 122 2151 188 2206; x_wconf 93' lang='lat' dir='ltr'><strong>XIII</strong></span> <span class='ocrx_word' id='word_1_84' title='bbox 214 2152 259 2207; x_wconf 84' lang='lat' dir='ltr'>Ad</span> <span class='ocrx_word' id='word_1_85' title='bbox 276 2150 420 2222; x_wconf 85' lang='lat' dir='ltr'>parotides</span> 
     </span>
     <span class='ocr_line' id='line_1_19' title="bbox 107 2221 629 2279; baseline -0.002 -2"><span class='ocrx_word' id='word_1_86' title='bbox 107 2221 186 2277; x_wconf 89' lang='lat' dir='ltr'><strong>XIHI</strong></span> <span class='ocrx_word' id='word_1_87' title='bbox 212 2222 257 2277; x_wconf 79' lang='lat' dir='ltr'>Ad</span> <span class='ocrx_word' id='word_1_88' title='bbox 275 2223 400 2279; x_wconf 84' lang='lat' dir='ltr'>dolorem</span> <span class='ocrx_word' id='word_1_89' title='bbox 418 2223 562 2278; x_wconf 80' lang='lat' dir='ltr'>oculorum</span> <span class='ocrx_word' id='word_1_90' title='bbox 622 2232 629 2242; x_wconf 87' lang='grc'><strong>’</strong></span> 
     </span>
     <span class='ocr_line' id='line_1_20' title="bbox 131 2286 1014 2364; baseline -0.002 -17"><span class='ocrx_word' id='word_1_91' title='bbox 131 2286 184 2347; x_wconf 84' lang='lat' dir='ltr'>XV</span> <span class='ocrx_word' id='word_1_92' title='bbox 211 2293 256 2347; x_wconf 86' lang='lat' dir='ltr'>Ad</span> <span class='ocrx_word' id='word_1_93' title='bbox 273 2294 369 2349; x_wconf 85' lang='lat' dir='ltr'>oanlos</span> <span class='ocrx_word' id='word_1_94' title='bbox 389 2293 524 2364; x_wconf 85' lang='lat' dir='ltr'>sanguino</span> <span class='ocrx_word' id='word_1_95' title='bbox 543 2293 661 2347; x_wconf 85' lang='lat' dir='ltr'>suffusos</span> <span class='ocrx_word' id='word_1_96' title='bbox 1008 2348 1014 2357; x_wconf 63' lang='lat'>‚</span> 
     </span>
     <span class='ocr_line' id='line_1_21' title="bbox 120 2361 888 2434; baseline -0.001 -16"><span class='ocrx_word' id='word_1_97' title='bbox 120 2362 187 2419; x_wconf 92' lang='lat' dir='ltr'>XVI</span> <span class='ocrx_word' id='word_1_98' title='bbox 213 2364 259 2419; x_wconf 80' lang='lat' dir='ltr'>nd</span> <span class='ocrx_word' id='word_1_99' title='bbox 276 2363 435 2434; x_wconf 75' lang='lat' dir='ltr'>lachrymas</span> <span class='ocrx_word' id='word_1_100' title='bbox 453 2364 597 2418; x_wconf 85' lang='lat' dir='ltr'>naulorum</span> <span class='ocrx_word' id='word_1_101' title='bbox 616 2361 792 2432; x_wconf 87' lang='lat' dir='ltr'>stringendos</span> <span class='ocrx_word' id='word_1_102' title='bbox 878 2384 888 2417; x_wconf 72' lang='lat' dir='ltr'>s</span> 
     </span>
     <span class='ocr_line' id='line_1_22' title="bbox 103 2432 1081 2560; baseline 0 -72"><span class='ocrx_word' id='word_1_103' title='bbox 103 2432 185 2489; x_wconf 85' lang='lat' dir='ltr'><strong>XVII</strong></span> <span class='ocrx_word' id='word_1_104' title='bbox 210 2435 255 2488; x_wconf 86' lang='lat' dir='ltr'>Ad</span> <span class='ocrx_word' id='word_1_105' title='bbox 272 2434 471 2560; x_wconf 56' lang='lat' dir='ltr'>lipfiItudinem</span> <span class='ocrx_word' id='word_1_106' title='bbox 487 2434 534 2490; x_wconf 82' lang='lat' dir='ltr'>vel</span> <span class='ocrx_word' id='word_1_107' title='bbox 551 2435 587 2490; x_wconf 91' lang='lat' dir='ltr'>ad</span> <span class='ocrx_word' id='word_1_108' title='bbox 606 2451 653 2488; x_wconf 86' lang='lat' dir='ltr'>eos</span> <span class='ocrx_word' id='word_1_109' title='bbox 672 2433 720 2502; x_wconf 88' lang='lat' dir='ltr'>qui</span> <span class='ocrx_word' id='word_1_110' title='bbox 740 2435 836 2488; x_wconf 91' lang='lat' dir='ltr'>oantos</span> <span class='ocrx_word' id='word_1_111' title='bbox 856 2432 998 2488; x_wconf 80' lang='lat' dir='ltr'>oculorum</span> <span class='ocrx_word' id='word_1_112' title='bbox 1018 2450 1081 2488; x_wconf 88' lang='lat' dir='ltr'>con-</span> 
     </span>
     <span class='ocr_line' id='line_1_23' title="bbox 211 2504 426 2561; baseline 0 -1"><span class='ocrx_word' id='word_1_113' title='bbox 211 2504 293 2561; x_wconf 86' lang='lat' dir='ltr'>tritos</span> <span class='ocrx_word' id='word_1_114' title='bbox 332 2507 426 2561; x_wconf 83' lang='lat' dir='ltr'>abent·</span> 
     </span>
     <span class='ocr_line' id='line_1_24' title="bbox 92 2573 585 2646; baseline -0.002 -16"><span class='ocrx_word' id='word_1_115' title='bbox 92 2573 188 2630; x_wconf 86' lang='lat' dir='ltr'><strong>XVIII</strong></span> <span class='ocrx_word' id='word_1_116' title='bbox 212 2576 258 2631; x_wconf 79' lang='lat' dir='ltr'>nd</span> <span class='ocrx_word' id='word_1_117' title='bbox 276 2576 424 2646; x_wconf 82' lang='lat' dir='ltr'>caliginem</span> <span class='ocrx_word' id='word_1_118' title='bbox 442 2576 585 2631; x_wconf 78' lang='lat' dir='ltr'>oculorum</span> 
     </span>
     <span class='ocr_line' id='line_1_25' title="bbox 119 2644 529 2703; baseline -0.002 -2"><span class='ocrx_word' id='word_1_119' title='bbox 119 2644 188 2701; x_wconf 87' lang='lat' dir='ltr'><strong>XIX</strong></span> <span class='ocrx_word' id='word_1_120' title='bbox 212 2646 259 2701; x_wconf 77' lang='lat' dir='ltr'>Ad</span> <span class='ocrx_word' id='word_1_121' title='bbox 276 2647 366 2703; x_wconf 81' lang='lat' dir='ltr'>aoiem</span> <span class='ocrx_word' id='word_1_122' title='bbox 385 2647 529 2703; x_wconf 77' lang='lat' dir='ltr'>oculorum</span> 
     </span>
     <span class='ocr_line' id='line_1_26' title="bbox 133 2714 935 2774; baseline 0 -3"><span class='ocrx_word' id='word_1_123' title='bbox 133 2716 187 2771; x_wconf 88' lang='lat' dir='ltr'>XX</span> <span class='ocrx_word' id='word_1_124' title='bbox 213 2717 258 2772; x_wconf 82' lang='lat' dir='ltr'>Ad</span> <span class='ocrx_word' id='word_1_125' title='bbox 275 2718 436 2774; x_wconf 86' lang='lat' dir='ltr'>leneomata</span> <span class='ocrx_word' id='word_1_126' title='bbox 453 2718 499 2772; x_wconf 83' lang='lat' dir='ltr'>vel</span> <span class='ocrx_word' id='word_1_127' title='bbox 518 2717 555 2771; x_wconf 86' lang='lat' dir='ltr'>ad</span> <span class='ocrx_word' id='word_1_128' title='bbox 573 2714 744 2771; x_wconf 85' lang='lat' dir='ltr'>oioatrioem:</span> <span class='ocrx_word' id='word_1_129' title='bbox 765 2717 793 2770; x_wconf 86' lang='lat' dir='ltr'>et</span> <span class='ocrx_word' id='word_1_130' title='bbox 811 2717 935 2772; x_wconf 80' lang='lat' dir='ltr'>maculae</span> 
     </span>
     <span class='ocr_line' id='line_1_27' title="bbox 121 2786 672 2859; baseline -0.005 -16"><span class='ocrx_word' id='word_1_131' title='bbox 121 2786 187 2843; x_wconf 87' lang='lat' dir='ltr'><strong>XXI</strong></span> <span class='ocrx_word' id='word_1_132' title='bbox 213 2787 259 2843; x_wconf 80' lang='lat' dir='ltr'>Ad</span> <span class='ocrx_word' id='word_1_133' title='bbox 276 2788 350 2859; x_wconf 84' lang='lat' dir='ltr'>pilos</span> <span class='ocrx_word' id='word_1_134' title='bbox 368 2789 512 2845; x_wconf 77' lang='lat' dir='ltr'>oculorum</span> <span class='ocrx_word' id='word_1_135' title='bbox 530 2787 672 2843; x_wconf 84' lang='lat' dir='ltr'>adulteros</span> 
     </span>
     <span class='ocr_line' id='line_1_28' title="bbox 104 2857 1083 2932; baseline -0.002 -19"><span class='ocrx_word' id='word_1_136' title='bbox 104 2857 186 2913; x_wconf 89' lang='lat' dir='ltr'><strong>XXII</strong></span> <span class='ocrx_word' id='word_1_137' title='bbox 212 2858 258 2914; x_wconf 85' lang='lat' dir='ltr'>Ad</span> <span class='ocrx_word' id='word_1_138' title='bbox 281 2858 416 2930; x_wconf 76' lang='lat' dir='ltr'>caligines</span> <span class='ocrx_word' id='word_1_139' title='bbox 439 2858 572 2932; x_wconf 62' lang='lat' dir='ltr'>sanitates</span> <span class='ocrx_word' id='word_1_140' title='bbox 593 2857 640 2913; x_wconf 83' lang='lat' dir='ltr'>vel</span> <span class='ocrx_word' id='word_1_141' title='bbox 667 2860 699 2913; x_wconf 88' lang='lat' dir='ltr'>nt</span> <span class='ocrx_word' id='word_1_142' title='bbox 722 2857 876 2925; x_wconf 80' lang='lat' dir='ltr'>crassitudo</span> <span class='ocrx_word' id='word_1_143' title='bbox 904 2860 1083 2929; x_wconf 82' lang='lat' dir='ltr'>abstergatur</span> 
     </span>
     <span class='ocr_line' id='line_1_29' title="bbox 90 2927 618 3001; baseline 0 -16"><span class='ocrx_word' id='word_1_144' title='bbox 90 2927 186 2985; x_wconf 86' lang='lat' dir='ltr'><strong>XXIII</strong></span> <span class='ocrx_word' id='word_1_145' title='bbox 212 2929 257 2985; x_wconf 82' lang='lat' dir='ltr'>Aa</span> <span class='ocrx_word' id='word_1_146' title='bbox 274 2931 455 2986; x_wconf 81' lang='lat' dir='ltr'>maturandae</span> <span class='ocrx_word' id='word_1_147' title='bbox 474 2929 618 3001; x_wconf 77' lang='lat' dir='ltr'>aegilopas</span> 
     </span>
     <span class='ocr_line' id='line_1_30' title="bbox 76 2998 997 3074; baseline -0.003 -19"><span class='ocrx_word' id='word_1_148' title='bbox 76 2998 186 3055; x_wconf 90' lang='lat' dir='ltr'><strong>XXIIII</strong></span> <span class='ocrx_word' id='word_1_149' title='bbox 212 3001 258 3056; x_wconf 81' lang='lat' dir='ltr'>Ad</span> <span class='ocrx_word' id='word_1_150' title='bbox 269 3001 371 3074; x_wconf 70' lang='lat' dir='ltr'>¹ulnera</span> <span class='ocrx_word' id='word_1_151' title='bbox 387 2999 499 3056; x_wconf 88' lang='lat' dir='ltr'>narium</span> <span class='ocrx_word' id='word_1_152' title='bbox 517 3003 546 3057; x_wconf 88' lang='lat' dir='ltr'>et</span> <span class='ocrx_word' id='word_1_153' title='bbox 563 3001 658 3056; x_wconf 87' lang='lat' dir='ltr'>omnia</span> <span class='ocrx_word' id='word_1_154' title='bbox 675 3001 792 3056; x_wconf 81' lang='lat' dir='ltr'>vulnera</span> <span class='ocrx_word' id='word_1_155' title='bbox 808 3000 997 3055; x_wconf 84' lang='lat' dir='ltr'>vetustissima</span> 
     </span>
     <span class='ocr_line' id='line_1_31' title="bbox 104 3069 731 3142; baseline 0.002 -17"><span class='ocrx_word' id='word_1_156' title='bbox 104 3069 185 3125; x_wconf 88' lang='lat' dir='ltr'>XXV</span> <span class='ocrx_word' id='word_1_157' title='bbox 211 3071 257 3126; x_wconf 85' lang='lat' dir='ltr'>Ad</span> <span class='ocrx_word' id='word_1_158' title='bbox 274 3070 394 3126; x_wconf 82' lang='lat' dir='ltr'>fetorem</span> <span class='ocrx_word' id='word_1_159' title='bbox 412 3071 522 3127; x_wconf 88' lang='lat' dir='ltr'>narium</span> <span class='ocrx_word' id='word_1_160' title='bbox 539 3073 586 3127; x_wconf 80' lang='lat' dir='ltr'>vel</span> <span class='ocrx_word' id='word_1_161' title='bbox 604 3070 731 3142; x_wconf 87' lang='lat' dir='ltr'>polipum</span> 
     </span>
     <span class='ocr_line' id='line_1_32' title="bbox 14 3139 571 3213; baseline 0.002 -18"><span class='ocrx_word' id='word_1_162' title='bbox 14 3178 21 3187; x_wconf 85' lang='lat'><em>-</em></span> <span class='ocrx_word' id='word_1_163' title='bbox 89 3139 185 3196; x_wconf 85' lang='lat' dir='ltr'><strong>XXVI</strong></span> <span class='ocrx_word' id='word_1_164' title='bbox 211 3141 257 3196; x_wconf 77' lang='lat' dir='ltr'>nd</span> <span class='ocrx_word' id='word_1_165' title='bbox 275 3142 444 3213; x_wconf 84' lang='lat' dir='ltr'>profluvium</span> <span class='ocrx_word' id='word_1_166' title='bbox 462 3143 571 3197; x_wconf 86' lang='lat' dir='ltr'>narium</span> 
     </span>
     <span class='ocr_line' id='line_1_33' title="bbox 75 3210 762 3284; baseline 0 -19"><span class='ocrx_word' id='word_1_167' title='bbox 75 3210 185 3267; x_wconf 90' lang='lat' dir='ltr'><strong>XXVII</strong></span> <span class='ocrx_word' id='word_1_168' title='bbox 211 3212 256 3268; x_wconf 85' lang='lat' dir='ltr'>Ad</span> <span class='ocrx_word' id='word_1_169' title='bbox 274 3213 439 3284; x_wconf 88' lang='lat' dir='ltr'>sangninem</span> <span class='ocrx_word' id='word_1_170' title='bbox 457 3214 491 3268; x_wconf 91' lang='lat' dir='ltr'>de</span> <span class='ocrx_word' id='word_1_171' title='bbox 510 3230 577 3268; x_wconf 84' lang='lat' dir='ltr'>nare</span> <span class='ocrx_word' id='word_1_172' title='bbox 596 3211 762 3268; x_wconf 79' lang='lat' dir='ltr'>adiciendum</span> 
     </span>
     <span class='ocr_line' id='line_1_34' title="bbox 62 3280 770 3343; baseline -0.004 -6"><span class='ocrx_word' id='word_1_173' title='bbox 62 3280 185 3338; x_wconf 87' lang='lat' dir='ltr'><strong>XXVIII</strong></span> <span class='ocrx_word' id='word_1_174' title='bbox 209 3283 255 3339; x_wconf 80' lang='lat' dir='ltr'>Aa</span> <span class='ocrx_word' id='word_1_175' title='bbox 273 3283 457 3340; x_wconf 87' lang='lat' dir='ltr'>stillationem</span> <span class='ocrx_word' id='word_1_176' title='bbox 475 3283 585 3343; x_wconf 84' lang='lat' dir='ltr'>naniam</span> <span class='ocrx_word' id='word_1_177' title='bbox 603 3300 637 3339; x_wconf 84' lang='lat' dir='ltr'>ex</span> <span class='ocrx_word' id='word_1_178' title='bbox 655 3283 770 3336; x_wconf 86' lang='lat' dir='ltr'>humore</span> 
     </span>
     <span class='ocr_line' id='line_1_35' title="bbox 90 3350 450 3411; baseline 0.008 -4"><span class='ocrx_word' id='word_1_179' title='bbox 90 3350 185 3408; x_wconf 89' lang='lat' dir='ltr'><strong>XXIX</strong></span> <span class='ocrx_word' id='word_1_180' title='bbox 211 3353 450 3411; x_wconf 71' lang='lat' dir='ltr'>dannamaria</span> 
     </span>
     <span class='ocr_line' id='line_1_36' title="bbox 103 3423 442 3482; baseline 0.003 -3"><span class='ocrx_word' id='word_1_181' title='bbox 103 3423 185 3479; x_wconf 89' lang='lat' dir='ltr'>XXX</span> <span class='ocrx_word' id='word_1_182' title='bbox 211 3424 369 3480; x_wconf 77' lang='lat' dir='ltr'>Adultera</span> <span class='ocrx_word' id='word_1_183' title='bbox 388 3424 442 3482; x_wconf 86' lang='lat' dir='ltr'>oris</span> 
     </span>
     <span class='ocr_line' id='line_1_37' title="bbox 114 3525 419 3571; baseline 0.02 -6"><span class='ocrx_word' id='word_1_184' title='bbox 114 3525 184 3565; x_wconf 69' lang='lat' dir='ltr'>Panna</span> <span class='ocrx_word' id='word_1_185' title='bbox 193 3526 287 3567; x_wconf 76' lang='lat' dir='ltr'>iunioris</span> <span class='ocrx_word' id='word_1_186' title='bbox 300 3527 419 3571; x_wconf 77' lang='lat' dir='ltr'>medicina.</span> 
     </span>
    </p>
   </div>
   <div class='ocr_carea' id='block_1_4' title="bbox 0 0 1212 3900">
    <p class='ocr_par' dir='ltr' id='par_1_4' title="bbox 0 0 1212 3900">
     <span class='ocr_line' id='line_1_38' title="bbox 0 0 1212 3900; baseline 0 0"><span class='ocrx_word' id='word_1_187' title='bbox 0 0 1212 3900; x_wconf 95' lang='lat' dir='ltr'> </span> 
     </span>
    </p>
   </div>
  </div>
 </body>
</html>
