2416 3900
506 175 726 240 ..93-

106 341 169 401 vini
196 347 227 400 et
255 339 370 418 caprini
392 339 493 398 ninere
517 356 552 397 ex
581 338 647 398 olen
669 346 783 417 myrteo
808 337 856 398 ad·

105 445 212 491 versus
245 427 386 489 sudorem
406 446 409 452 ·
421 434 638 506 perunguntur.
687 425 784 506 pulvis
820 446 856 488 ex
886 437 989 501 15113,

106 519 196 597 myrti
220 515 299 577 toliis
322 518 410 576 tostis
431 517 587 596 inspersus
606 517 747 577 sudorem
770 517 856 577 sistit.

173 662 267 721 m.
290 663 344 720 An
366 662 571 720 comitialem
593 663 762 723 morbum.

174 764 326 832 Testieuli
337 767 434 826 ursini
456 767 488 825 in
507 764 573 827 eihe
591 774 727 845 prosunt.
764 775 857 828 testes
885 773 991 837 nenne.
1018 767 1055 822 ib.

79 856 173 935 sapri
200 853 288 915 erudi
320 855 383 915 triti
415 873 450 915 ex
483 872 558 934 aqua
590 853 742 916 bibuntur.
789 875 857 917 curn
885 866 972 930 nene.

105 946 240 1025 primum
263 945 330 1023 quis
352 942 474 1024 cecidit,
497 945 529 1003 in
549 962 583 1004 eo
606 943 671 1004 loeo
690 963 750 1024 quo
769 953 858 1025 capnt

108 1034 174 1095 eius
193 1032 250 1093 init
264 1032 364 1093 clarus
383 1032 499 1093 terreus
518 1032 638 1111 figatur:
661 1052 721 1094 non
739 1036 857 1113 repetit.

108 1120 219 1183 dantur
246 1139 351 1183 earnes
382 1120 512 1182 edendae
543 1120 654 1182 hestiae
678 1124 793 1182 occisae
822 1121 857 1182 eo
931 1129 945 1160 *
1029 1122 1032 1126 ’

108 1209 290 1272 ferramento
328 1229 387 1290 quo
424 1209 513 1271 homo
548 1218 615 1271 ante
653 1213 771 1272 decisus
803 1218 857 1293 est.

68 1314 95 1354 10
109 1295 253 1380 <lapillus
281 1301 333 1378 qui
361 1301 392 1359 in
421 1298 585 1359 ventriculo
617 1299 786 1360 hirundinis
813 1303 857 1362 in·
885 1313 972 1375 30,91.

107 1381 259 1467 venitur.)
293 1386 464 1449 hirundinis
487 1389 606 1467 sanguis
630 1407 699 1449 eum
721 1396 789 1450 ture
811 1389 858 1450 vel
920 1393 957 1446 te.

109 1476 246 1538 eiusdem
268 1495 321 1537 eor
344 1494 450 1538 reeens
478 1475 644 1538 devoratur.
681 1477 797 1557 lapillus
821 1477 857 1538 de
920 1481 958 1536 ib.

108 1565 179 1627 nido
196 1564 367 1627 hirundinis
386 1565 558 1645 adalligatus
576 1567 611 1627 ad
633 1566 743 1628 eullum
760 1570 857 1628 iaeeu-

107 1660 170 1716 tem
192 1661 311 1715 reereat
329 1660 361 1715 et
378 1653 415 1714 ah
428 1653 485 1714 hue
503 1655 637 1734 periculo
656 1663 755 1716 tutum
772 1675 856 1736 prae-

68 1756 95 1798 15
109 1750 176 1805 stat.
220 1743 311 1804 aliurn
334 1743 444 1805 elixum
467 1742 593 1804 subinde
620 1745 652 1803 in
676 1743 741 1804 eiho
770 1753 800 1806 et
826 1747 857 1805 in
885 1756 973 1818 tona.

107 1834 230 1914 petione
249 1834 386 1894 sumitur.
404 1840 558 1893 tenentes
576 1835 608 1893 in
626 1850 716 1894 manu
734 1851 857 1894 anesum
886 1844 991 1907 neuen.

109 1920 252 1983 comitiali
276 1920 381 1982 morbo
409 1939 469 1982 nun
496 1929 685 2001 appetuntur.
727 1922 858 1983 testiculi
885 1933 973 1996 31187.

108 2011 229 2073 arietini
250 2011 454 2072 inveterantur
478 2017 508 2071 et
535 2028 571 2070 ex
598 2009 645 2070 his
673 2011 786 2072 dimidii
809 2011 857 2072 de-

108 2100 187 2161 narii
203 2097 323 2178 pondus
341 2099 428 2160 datur
445 2101 477 2160 in
495 2098 613 2159 hemina
634 2116 726 2178 aquae
746 2101 858 2160 tritum.

67 2202 96 2242 ει
109 2185 291 2249 abstinentia
316 2190 377 2249 vini
403 2187 548 2250 utendum
572 2195 618 2248 est
644 2185 750 2248 diebus
773 2189 857 2266 quin·
921 2191 958 2244 it.

109 2294 173 2356 que
199 2283 269 2336 ante
297 2284 328 2352 et
354 2276 477 2337 tetidem
506 2283 619 2356 postea.
660 2278 781 2355 sanguis
808 2295 858 2356 pe·
887 2288 929 2351 30
932 2287 974 2336 εε.

109 2465 693 2608 Ῑοιειιιιιίγήθέἰίιίἰίρέἰίἰεωίώῐίοειίεόἀ.
718 2463 1125 2606 121811111ἰίῐίῒὲνίιαίἰίοὲοι

109 2604 255 2663 stetnitd.
282 2607 323 2672 Ι
310 2623 342 2661 tu
364 2607 419 2673 fine
435 2608 519 2662 huius
541 2609 660 2676 capituli
680 2609 745 2662 haee
767 2608 925 2677 lequntur'
912 2625 945 2663 eu
961 2608 1003 2678 ud
1030 2608 1127 2676 (medie

109 2677 144 2732 in
165 2693 227 2747 rap.
251 2677 313 2746 rh):
342 2676 469 2747 Lapillue
497 2679 546 2748 qui
572 2679 602 2733 in
621 2677 778 2733 ventriculo
798 2678 955 2734 hirundinis
977 2678 1126 2734 invenitur

109 2764 186 2818 quae
199 2748 240 2804 ad
261 2749 385 2804 morbum
403 2750 565 2805 comitialem
579 2750 719 2818 pertinent
741 2749 788 2817 (ef.
808 2749 885 2806 Ptin.
905 2752 1005 2820 3091)
1038 2752 1127 2806 alterio

109 2819 169 2875 aeri
184 2824 277 2875 textus
290 2820 348 2875 loeo
360 2836 394 2875 ea
407 2836 470 2875 eum
482 2821 547 2876 olim
565 2822 665 2876 eminae
683 2825 780 2888 esseut,
798 2821 884 2888 fnisse
897 2824 1025 2878 restituta
1039 2823 1095 2878 eod.
1110 2837 1128 2889 9

108 2890 267 2960 siqnidem
285 2891 335 2945 uhi
351 2891 447 2946 haee
434 2908 466 2946 m
484 2897 605 2947 extrem
618 2894 728 2976 punina
745 2893 842 2948 nidmu
861 2898 885 2948 et
899 2895 1023 2964 panitiae
1040 2898 1066 2947 et
1083 2908 1127 2946 ea-

103 2961 198 3031 pendi
208 2977 302 3017 nerem
297 2962 503 3018 'subiiciuntur
520 2964 579 3018 atie
592 2965 733 3034 scriptura
746 2968 771 3018 et
783 2964 900 3031 minere,
918 2970 1008 3020 temen
1021 2978 1127 3017 euacua

108 3047 159 3102 φο
176 3032 289 3101 unfra
275 3034 383 3088 nummi
400 3051 460 3103 cap
479 3050 531 3104 seq
548 3051 574 3089 e
590 3041 632 3093 10
691 3035 789 3118 tupri
810 3036 864 3105 ud.
887 3034 981 3105 aprini
997 3034 1034 3088 rb
1049 3033 1128 3114 (Ρ1.).

147 3103 560 3174 deeeidityb20001dentd
586 3106 635 3179 Ι
634 3124 671 3163 ue
693 3107 746 3177 91
768 3105 799 3161 in
817 3106 918 3174 (1.ωά
985 3101 1127 3159 ‘teeins

109 3172 168 3230 tuit
193 3175 248 3245 nah
276 3190 299 3231 e.
323 3175 446 3232 fluxitd
465 3177 576 3317 ¹(fixerit
594 3179 660 3250 Ρ1..)
724 3184 740 3232 9
764 3179 830 3232 ante
856 3175 907 3244 qrb
936 3177 1021 3230 antee
1046 3176 1073 3228 d.

110 3191 212 3371 {5311
264 3246 337 3316 dis(
326 3247 426 3317 (εἰσ)
465 3248 721 3331 'adalligandum
748 3246 881 3316 alligatus
903 3245 923 3300 d
946 3246 1014 3314 (dur
1035 3246 1091 3329 rb)

218 3316 277 3372 'nm
295 3264 462 3374 elixumrb.
481 3318 638 3390 Elixumq,
655 3265 806 3374 Flexumd
824 3317 946 3399 (uterque
958 3332 1009 3373 eur.
1019 3315 1128 3386 elium).

110 3319 184 3443 1⁸5td
203 3403 321 3445 anesum
339 3389 421 3474 (Pla)
449 3391 563 3446 anetum
589 3391 679 3461 yart.
745 3394 778 3444 18
801 3384 913 3442 arietini
938 3387 1135 3445 inveherentur

108 3460 170 3530 urb
195 3459 280 3530 (Ρ1.)·
308 3459 405 3516 arietis
432 3461 540 3517 minute
567 3461 744 3518 ieranturd.
765 3458 857 3532 then
876 3460 959 3528 nunu
985 3475 1015 3527 d
1064 3462 1109 3508 ‘nn
1123 3473 1159 3503 ι.

109 3531 180 3586 unte
194 3546 229 3598 y:
246 3529 371 3600 quinque
388 3532 503 3590 etante
522 3535 572 3594 db.
