2416 3900
125 620 151 678 Ι.
176 621 225 677 Dc
248 606 381 676 rafano.
421 600 426 606 ⁹

125 739 239 802 liciano
260 738 384 800 calidam
404 741 502 800 inesse
516 742 657 802 virtutem
679 742 812 801 omnium
834 740 963 802 medico·
982 751 1060 810 Ptol.

57 848 126 892 rum
153 831 294 910 opinione
321 836 508 908 compertum
536 837 594 908 est,
628 829 681 890 scd
709 837 739 891 ct
764 829 850 891 nohis
878 829 1063 893 intel-2u13·

57 918 157 1000 legere
172 918 208 980 de
228 936 285 980 usu
303 917 381 979 hcet.
414 936 469 979 cur
484 920 563 979 enim
579 920 670 980 mixta
689 938 758 980 cum
777 919 851 980 cibis
875 901 1072 1037 θεῖε-(ἕξ).

57 1010 99 1070 ris
122 1007 185 1068 sola
208 1006 244 1068 de
267 1006 420 1068 stomacho
438 1014 543 1069 ructus
567 1009 667 1090 eiciat,
691 1011 749 1070 nisi
767 1011 836 1088 qnia
861 1012 957 1090 prima

34 1092 278 1177 aconcoqmtur?
309 1095 431 1176 capillos
459 1096 606 1176 alopecias
635 1098 744 1158 iniuria
768 1105 868 1176 raptos
897 1116 966 1160 cum

57 1185 145 1263 melle
170 1187 243 1246 trita
270 1186 411 1246 restituit.
449 1185 583 1258 eiusdem
608 1203 699 1246 sucus
729 1188 818 1247 etiam
840 1189 966 1265 gravita-

58 1284 118 1336 tem
137 1277 256 1336 aurium
278 1273 438 1335 instillatus
462 1273 607 1335 emendat.
640 1283 744 1340 contra
762 1293 876 1336 venena
899 1278 965 1336 nni-

58 1381 127 1426 cum
144 1362 312 1425 remedium
330 1370 376 1423 est
396 1366 421 1423 si
440 1382 456 1423 a
479 1365 579 1423 ieiuno
594 1371 737 1424 sumatur.
770 1371 874 1425 contra
887 1365 965 1445 pthi-

56 1454 158 1514 riasim
181 1470 273 1514 sucus
295 1454 360 1513 eius
379 1451 551 1531 adhibetur,
574 1455 627 1531 qui
645 1452 727 1514 solus
748 1460 849 1533 potest
867 1456 965 1515 tenui·

23 1551 47 1592 1⁰
57 1549 117 1604 tate
145 1539 249 1603 subtili
276 1539 313 1601 ad
345 1542 397 1602 imi
430 1543 565 1620 corporis
598 1541 768 1603 liniamenta
799 1550 967 1622 penetrare.

57 1629 193 1711 Aegyptii
222 1630 302 1691 enirn
329 1647 415 1709 reges
448 1628 557 1708 quihus
586 1637 650 1691 erat
678 1631 811 1693 studium
839 1634 967 1695 scrutari

57 1737 184 1800 corpora
210 1725 400 1780 mortuorum
430 1725 460 1779 et
491 1713 687 1790 valitudinum
719 1737 823 1780 causas
852 1720 968 1781 oculata

56 1806 112 1869 lide
144 1824 376 1891 recognoscere,
412 1810 444 1868 in
480 1809 546 1886 ipso
579 1807 669 1868 corde
699 1811 783 1868 nasci
819 1808 967 1871 eiusmodi

119 2039 224 2097 liciano
240 2039 432 2097 calidissimam
454 2040 544 2095 inesse
557 2039 686 2095 virtutem
707 2028 829 2096 omnium
850 2040 967 2098 medico·
994 2051 1052 2119 (De

24 2135 47 2177 u
60 2139 118 2181 mm
135 2125 266 2199 opinione
284 2131 455 2199 compertum
475 2131 527 2180 est.
550 2123 687 2180 humectat
708 2131 737 2178 et
751 2123 884 2197 dispergit
898 2122 967 2198 fleg·
990 2122 1054 2175 virt.

59 2225 103 2266 ma
116 2209 276 2266 austeritate
298 2225 364 2286 sua,
387 2209 453 2265 lolia
469 2217 561 2266 tamen
576 2209 635 2264 eius
650 2209 739 2264 minus
762 2214 870 2265 austera
892 2215 966 2265 sunt.
985 2190 1058 2245 'lelb-

57 2293 177 2350 articulis
192 2292 349 2352 dolentibus
364 2295 501 2352 contraria
516 2300 568 2350 est.
595 2300 755 2367 supernatat
765 2301 793 2349 et
806 2293 851 2348 vix
865 2292 967 2368 digeri·
993 2263 1047 2332 59).

57 2385 100 2434 tur
129 2371 343 2454 Latomachum
365 2372 468 2456 inllat].
510 2378 620 2435 unicum
640 2380 669 2435 in
690 2377 785 2434 raiano
808 2386 903 2435 contra
922 2393 968 2434 ve·

56 2477 123 2518 nena
145 2462 308 2521 subsidium.
338 2458 445 2541 [semen
460 2465 519 2520 eius
541 2464 641 2520 lortius
662 2464 721 2537 ipsa
736 2455 854 2541 radica]
885 2478 968 2520 sucus

23 2547 114 2603 uetus
136 2564 198 2606 cum
222 2547 329 2606 modico
351 2549 446 2606 rosino
466 2550 572 2605 aurium
593 2547 741 2605 instillatus
757 2546 847 2604 dolori
870 2565 968 2624 graves

58 2680 270 2692 ————-.—

142 2837 184 2892 tit.
208 2837 351 2895 Medicina
373 2839 408 2894 de
430 2840 523 2896 radice
546 2856 576 2910 9,
608 2839 650 2894 De
671 2841 799 2911 raphano
826 2840 866 2894 ld.
941 2847 955 2894 1
984 2842 1075 2897 inesse

55 2907 105 2974 cd:
125 2923 187 2963 esse
206 2909 298 2980 l(rh).
341 2911 535 2981 iintelligere
553 2911 611 2981 yid
624 2911 689 2982 (rb).
736 2911 843 2968 diicat:
866 2913 907 2967 sie
924 2914 958 2983 pl
975 2911 1074 2982 (ipsius

56 2978 116 3033 add.
140 2979 196 3048 rb).
227 2983 232 3047 Ι
260 2981 351 3037 mixta
433 2983 494 3038 sola
573 2981 666 3054 prime
683 2989 743 3040 etc:
771 2985 811 3038 sic
828 2984 885 3053 yid
907 2984 943 3051 (o
961 2982 1015 3052 br,
1037 2997 1073 3037 sc.

56 3048 109 3106 aad.
128 3055 179 3106 vat.
188 3048 298 3107 -Torina'
310 3059 452 3124 excerptos
466 3054 504 3109 od
516 3056 628 3126 moro),
641 3054 746 3110 mixtus
761 3098 766 3111 .
779 3095 803 3109 ..
818 3052 894 3108 solus
909 3091 951 3108 ...
966 3055 1013 3108 etc.
1028 3052 1074 3110 rh.

101 3126 120 3174 4
137 3120 195 3176 nisi
213 3122 282 3192 quic
298 3122 392 3194 prima
413 3125 469 3196 ott
488 3125 565 3198 (Μῦς
592 3124 648 3182 nisi
668 3125 746 3197 prins
764 3125 809 3179 rb.
878 3127 894 3176 5
914 3121 1030 3193 alopicii
1047 3139 1073 3193 9,

55 3187 181 3262 allopicii
202 3193 244 3249 ld
309 3194 510 3266 spaniacum
531 3214 561 3269 9:
588 3195 729 3280 ptyriasin
751 3195 791 3250 ld.
857 3199 891 3247 10
909 3192 997 3248 adimi
1016 3210 1074 3249 cor·

55 3261 127 3329 poris
135 3261 535 3339 Eniamentepcnetrcraald:
550 3267 637 3322 adami
644 3264 766 3336 corporis
774 3262 942 3320 liniamenta
950 3264 1039 3334 (μω.
1046 3264 1073 3336 d)

56 3345 101 3388 tor
113 3336 264 3405 penetrare
277 3338 323 3393 rb.
362 3344 395 3393 12
408 3338 597 3395 valitudinum
610 3338 650 3408 pl.
668 3339 672 3405 Ι
693 3352 790 3391 causas
809 3339 873 3390 cote
890 3335 945 3392 vul.
961 3335 996 3392 ld
1005 3336 1073 3406 (rh).

57 3404 194 3534 lopplloltp
224 3423 255 3478 9:
288 3407 399 3466 occulte
422 3411 456 3465 ld
478 3409 551 3480 (rb).
634 3413 667 3462 13
694 3420 862 3478 cognoscere
885 3406 927 3464 ld.
956 3406 1077 3479 thuim

62 3490 90 3529 m
192 3521 199 3533 .
