<?xml version="1.0" encoding="UTF-8"?>
<!DOCTYPE html PUBLIC "-//W3C//DTD XHTML 1.0 Transitional//EN"
    "http://www.w3.org/TR/xhtml1/DTD/xhtml1-transitional.dtd">
<html xmlns="http://www.w3.org/1999/xhtml" xml:lang="en" lang="en">
 <head>
  <title>
</title>
<meta http-equiv="Content-Type" content="text/html;charset=utf-8" />
  <meta name='ocr-system' content='tesseract 3.04.00' />
  <meta name='ocr-capabilities' content='ocr_page ocr_carea ocr_par ocr_line ocrx_word'/>
</head>
<body>
  <div class='ocr_page' id='page_1' title='image "./pliniisecundiqu02plingoog_0198.png"; bbox 0 0 2416 3900; ppageno 0'>
   <div class='ocr_carea' id='block_1_1' title="bbox 494 187 737 253">
    <p class='ocr_par' dir='ltr' id='par_1_1' title="bbox 494 187 737 253">
     <span class='ocr_line' id='line_1_1' title="bbox 494 187 737 253; baseline 0.008 -2"><span class='ocrx_word' id='word_1_1' title='bbox 494 187 737 253; x_wconf 81' lang='lat'>-195—</span> 
     </span>
    </p>
   </div>
   <div class='ocr_carea' id='block_1_2' title="bbox 68 351 1018 1407">
    <p class='ocr_par' dir='ltr' id='par_1_2' title="bbox 68 351 1018 1407">
     <span class='ocr_line' id='line_1_2' title="bbox 109 351 1015 432; baseline -0.001 -18"><span class='ocrx_word' id='word_1_2' title='bbox 109 354 242 432; x_wconf 78' lang='lat' dir='ltr'><strong>cudunt,</strong></span> <span class='ocrx_word' id='word_1_3' title='bbox 266 351 428 432; x_wconf 85' lang='lat' dir='ltr'><strong>efficacius,</strong></span> <span class='ocrx_word' id='word_1_4' title='bbox 452 353 478 411; x_wconf 94' lang='lat' dir='ltr'><strong>si</strong></span> <span class='ocrx_word' id='word_1_5' title='bbox 500 353 544 411; x_wconf 89' lang='lat' dir='ltr'><strong>eis</strong></span> <span class='ocrx_word' id='word_1_6' title='bbox 566 354 680 412; x_wconf 87' lang='lat' dir='ltr'><strong>nitrum</strong></span> <span class='ocrx_word' id='word_1_7' title='bbox 702 351 748 412; x_wconf 82' lang='lat' dir='ltr'><strong>vel</strong></span> <span class='ocrx_word' id='word_1_8' title='bbox 771 351 823 410; x_wconf 92' lang='lat' dir='ltr'><strong>iris</strong></span> <span class='ocrx_word' id='word_1_9' title='bbox 848 353 1015 413; x_wconf 89' lang='lat' dir='ltr'><strong>accesserit.</strong></span> 
     </span>
     <span class='ocr_line' id='line_1_3' title="bbox 109 436 1016 520; baseline -0.004 -17"><span class='ocrx_word' id='word_1_10' title='bbox 109 449 213 503; x_wconf 87' lang='lat' dir='ltr'><strong>coctae</strong></span> <span class='ocrx_word' id='word_1_11' title='bbox 241 455 278 500; x_wconf 82' lang='lat' dir='ltr'><strong>ex</strong></span> <span class='ocrx_word' id='word_1_12' title='bbox 306 436 386 518; x_wconf 82' lang='lat' dir='ltr'><strong>aqua</strong></span> <span class='ocrx_word' id='word_1_13' title='bbox 410 436 479 500; x_wconf 87' lang='lat' dir='ltr'><strong>cum</strong></span> <span class='ocrx_word' id='word_1_14' title='bbox 510 440 622 520; x_wconf 73' lang='lat' dir='ltr'><strong>hysopo</strong></span> <span class='ocrx_word' id='word_1_15' title='bbox 655 438 726 500; x_wconf 89' lang='lat' dir='ltr'><strong>dant</strong></span> <span class='ocrx_word' id='word_1_16' title='bbox 756 440 909 518; x_wconf 90' lang='lat' dir='ltr'><strong>potionem</strong></span> <span class='ocrx_word' id='word_1_17' title='bbox 940 457 1016 518; x_wconf 89' lang='lat' dir='ltr'><strong>quae</strong></span> 
     </span>
     <span class='ocr_line' id='line_1_4' title="bbox 107 527 1017 611; baseline 0 -21"><span class='ocrx_word' id='word_1_18' title='bbox 107 536 215 611; x_wconf 90' lang='lat' dir='ltr'><strong>pectus</strong></span> <span class='ocrx_word' id='word_1_19' title='bbox 233 534 387 608; x_wconf 78' lang='lat' dir='ltr'><strong>expurget.</strong></span> <span class='ocrx_word' id='word_1_20' title='bbox 421 531 494 588; x_wconf 89' lang='lat' dir='ltr'><strong>item</strong></span> <span class='ocrx_word' id='word_1_21' title='bbox 513 535 614 589; x_wconf 89' lang='lat' dir='ltr'><strong>coctae</strong></span> <span class='ocrx_word' id='word_1_22' title='bbox 634 547 703 590; x_wconf 91' lang='lat' dir='ltr'><strong>cum</strong></span> <span class='ocrx_word' id='word_1_23' title='bbox 720 528 789 589; x_wconf 84' lang='lat' dir='ltr'><strong>vino</strong></span> <span class='ocrx_word' id='word_1_24' title='bbox 808 527 872 588; x_wconf 92' lang='lat' dir='ltr'><strong>sedi</strong></span> <span class='ocrx_word' id='word_1_25' title='bbox 889 530 1017 590; x_wconf 82' lang='lat' dir='ltr'><strong>tumenti</strong></span> 
     </span>
     <span class='ocr_line' id='line_1_5' title="bbox 107 616 1018 699; baseline -0.002 -20"><span class='ocrx_word' id='word_1_26' title='bbox 107 625 261 699; x_wconf 74' lang='lat' dir='ltr'><strong>praestant</strong></span> <span class='ocrx_word' id='word_1_27' title='bbox 284 617 411 678; x_wconf 90' lang='lat' dir='ltr'><strong>salutare</strong></span> <span class='ocrx_word' id='word_1_28' title='bbox 435 617 608 678; x_wconf 84' lang='lat' dir='ltr'><strong>fomentum.</strong></span> <span class='ocrx_word' id='word_1_29' title='bbox 643 619 724 697; x_wconf 81' lang='lat' dir='ltr'><strong>ipsae</strong></span> <span class='ocrx_word' id='word_1_30' title='bbox 746 635 844 696; x_wconf 87' lang='lat' dir='ltr'><strong>panno</strong></span> <span class='ocrx_word' id='word_1_31' title='bbox 867 616 968 678; x_wconf 88' lang='lat' dir='ltr'><strong>inlitae</strong></span> <span class='ocrx_word' id='word_1_32' title='bbox 986 624 1018 679; x_wconf 87' lang='lat' dir='ltr'><strong>et</strong></span> 
     </span>
     <span class='ocr_line' id='line_1_6' title="bbox 80 705 1016 787; baseline 0.003 -24"><span class='ocrx_word' id='word_1_33' title='bbox 80 709 254 787; x_wconf 82' lang='lat' dir='ltr'><strong>sinpositae</strong></span> <span class='ocrx_word' id='word_1_34' title='bbox 286 705 437 785; x_wconf 85' lang='lat' dir='ltr'><strong>paniculas</strong></span> <span class='ocrx_word' id='word_1_35' title='bbox 473 706 623 786; x_wconf 82' lang='lat' dir='ltr'><strong>parotidas</strong></span> <span class='ocrx_word' id='word_1_36' title='bbox 657 705 832 767; x_wconf 81' lang='lat' dir='ltr'><strong>furunculos</strong></span> <span class='ocrx_word' id='word_1_37' title='bbox 864 712 1016 786; x_wconf 89' lang='lat' dir='ltr'><strong>rumpunt.</strong></span> 
     </span>
     <span class='ocr_line' id='line_1_7' title="bbox 107 794 1018 878; baseline -0.001 -22"><span class='ocrx_word' id='word_1_38' title='bbox 107 799 181 857; x_wconf 83' lang='lat' dir='ltr'><strong>item</strong></span> <span class='ocrx_word' id='word_1_39' title='bbox 204 812 273 857; x_wconf 92' lang='lat' dir='ltr'><strong>cum</strong></span> <span class='ocrx_word' id='word_1_40' title='bbox 300 795 369 854; x_wconf 86' lang='lat' dir='ltr'><strong>ieno</strong></span> <span class='ocrx_word' id='word_1_41' title='bbox 392 812 499 878; x_wconf 81' lang='lat' dir='ltr'><strong>graeco</strong></span> <span class='ocrx_word' id='word_1_42' title='bbox 522 813 558 854; x_wconf 85' lang='lat' dir='ltr'><strong>ex</strong></span> <span class='ocrx_word' id='word_1_43' title='bbox 581 812 657 873; x_wconf 91' lang='lat' dir='ltr'><strong>aqua</strong></span> <span class='ocrx_word' id='word_1_44' title='bbox 684 795 824 856; x_wconf 89' lang='lat' dir='ltr'><strong>decoctae</strong></span> <span class='ocrx_word' id='word_1_45' title='bbox 852 794 1018 855; x_wconf 84' lang='lat' dir='ltr'><strong>fomentum</strong></span> 
     </span>
     <span class='ocr_line' id='line_1_8' title="bbox 108 883 1018 965; baseline -0.002 -19"><span class='ocrx_word' id='word_1_46' title='bbox 108 885 223 946; x_wconf 81' lang='lat' dir='ltr'><strong>iaciunt</strong></span> <span class='ocrx_word' id='word_1_47' title='bbox 246 883 325 963; x_wconf 90' lang='lat' dir='ltr'><strong>quod</strong></span> <span class='ocrx_word' id='word_1_48' title='bbox 348 886 500 963; x_wconf 83' lang='lat' dir='ltr'><strong>extinguat</strong></span> <span class='ocrx_word' id='word_1_49' title='bbox 522 885 592 943; x_wconf 82' lang='lat' dir='ltr'><strong>vitia</strong></span> <span class='ocrx_word' id='word_1_50' title='bbox 612 884 782 965; x_wconf 84' lang='lat' dir='ltr'><strong>matricum,</strong></span> <span class='ocrx_word' id='word_1_51' title='bbox 806 901 874 944; x_wconf 89' lang='lat' dir='ltr'><strong>cum</strong></span> <span class='ocrx_word' id='word_1_52' title='bbox 897 890 964 944; x_wconf 89' lang='lat' dir='ltr'><strong>ruta</strong></span> <span class='ocrx_word' id='word_1_53' title='bbox 988 891 1018 944; x_wconf 90' lang='lat' dir='ltr'><strong>et</strong></span> 
     </span>
     <span class='ocr_line' id='line_1_9' title="bbox 107 970 1017 1055; baseline -0.003 -20"><span class='ocrx_word' id='word_1_54' title='bbox 107 972 195 1035; x_wconf 89' lang='lat' dir='ltr'><strong>melle</strong></span> <span class='ocrx_word' id='word_1_55' title='bbox 220 971 290 1055; x_wconf 90' lang='lat' dir='ltr'><strong>dant</strong></span> <span class='ocrx_word' id='word_1_56' title='bbox 313 989 419 1033; x_wconf 90' lang='lat' dir='ltr'><strong>sucum</strong></span> <span class='ocrx_word' id='word_1_57' title='bbox 442 973 494 1051; x_wconf 88' lang='lat' dir='ltr'><strong>qni</strong></span> <span class='ocrx_word' id='word_1_58' title='bbox 517 990 533 1031; x_wconf 94' lang='lat' dir='ltr'><strong>a</strong></span> <span class='ocrx_word' id='word_1_59' title='bbox 554 970 728 1052; x_wconf 89' lang='lat' dir='ltr'><strong>pleureticis</strong></span> <span class='ocrx_word' id='word_1_60' title='bbox 756 980 787 1033; x_wconf 85' lang='lat' dir='ltr'><strong>et</strong></span> <span class='ocrx_word' id='word_1_61' title='bbox 813 970 953 1052; x_wconf 86' lang='lat' dir='ltr'><strong>pulmone</strong></span> <span class='ocrx_word' id='word_1_62' title='bbox 976 975 1017 1032; x_wconf 87' lang='lat' dir='ltr'><strong>vi-</strong></span> 
     </span>
     <span class='ocr_line' id='line_1_10' title="bbox 108 1058 1017 1123; baseline -0.002 0"><span class='ocrx_word' id='word_1_63' title='bbox 108 1063 189 1123; x_wconf 87' lang='lat' dir='ltr'><strong>tiatis</strong></span> <span class='ocrx_word' id='word_1_64' title='bbox 209 1058 368 1121; x_wconf 87' lang='lat' dir='ltr'><strong>salubriter</strong></span> <span class='ocrx_word' id='word_1_65' title='bbox 391 1059 555 1121; x_wconf 88' lang='lat' dir='ltr'><strong>hauriatur.</strong></span> <span class='ocrx_word' id='word_1_66' title='bbox 592 1062 660 1121; x_wconf 79' lang='lat' dir='ltr'><strong>crim</strong></span> <span class='ocrx_word' id='word_1_67' title='bbox 679 1063 756 1121; x_wconf 88' lang='lat' dir='ltr'><strong>aeris</strong></span> <span class='ocrx_word' id='word_1_68' title='bbox 778 1060 852 1120; x_wconf 90' lang='lat' dir='ltr'><strong>ssore</strong></span> <span class='ocrx_word' id='word_1_69' title='bbox 872 1062 1017 1122; x_wconf 87' lang='lat' dir='ltr'><strong>contritae</strong></span> 
     </span>
     <span class='ocr_line' id='line_1_11' title="bbox 68 1148 1016 1229; baseline -0.001 -18"><span class='ocrx_word' id='word_1_70' title='bbox 68 1164 94 1204; x_wconf 86' lang='lat'><strong>1⁰</strong></span> <span class='ocrx_word' id='word_1_71' title='bbox 108 1149 327 1219; x_wconf 85' lang='lat' dir='ltr'><strong>molestissimis</strong></span> <span class='ocrx_word' id='word_1_72' title='bbox 349 1148 491 1209; x_wconf 88' lang='lat' dir='ltr'><strong>tibiarum</strong></span> <span class='ocrx_word' id='word_1_73' title='bbox 508 1148 682 1209; x_wconf 88' lang='lat' dir='ltr'><strong>vulneribus</strong></span> <span class='ocrx_word' id='word_1_74' title='bbox 702 1151 895 1229; x_wconf 90' lang='lat' dir='ltr'><strong>inponuntur.</strong></span> <span class='ocrx_word' id='word_1_75' title='bbox 928 1152 1016 1210; x_wconf 87' lang='lat' dir='ltr'><strong>tritae</strong></span> 
     </span>
     <span class='ocr_line' id='line_1_12' title="bbox 107 1234 1017 1318; baseline -0.001 -19"><span class='ocrx_word' id='word_1_76' title='bbox 107 1257 178 1301; x_wconf 91' lang='lat' dir='ltr'><strong>cum</strong></span> <span class='ocrx_word' id='word_1_77' title='bbox 205 1237 265 1298; x_wconf 90' lang='lat' dir='ltr'><strong>sale</strong></span> <span class='ocrx_word' id='word_1_78' title='bbox 294 1239 485 1316; x_wconf 89' lang='lat' dir='ltr'><strong>scorpionum</strong></span> <span class='ocrx_word' id='word_1_79' title='bbox 517 1237 611 1318; x_wconf 85' lang='lat' dir='ltr'><strong>plagis</strong></span> <span class='ocrx_word' id='word_1_80' title='bbox 646 1237 811 1298; x_wconf 90' lang='lat' dir='ltr'><strong>medentur.</strong></span> <span class='ocrx_word' id='word_1_81' title='bbox 853 1234 1017 1298; x_wconf 87' lang='lat' dir='ltr'><strong>canc&#39;eratis</strong></span> 
     </span>
     <span class='ocr_line' id='line_1_13' title="bbox 107 1322 1016 1407; baseline -0.001 -20"><span class='ocrx_word' id='word_1_82' title='bbox 107 1322 221 1407; x_wconf 76' lang='lat' dir='ltr'><strong>quanto</strong></span> <span class='ocrx_word' id='word_1_83' title='bbox 249 1329 423 1407; x_wconf 84' lang='lat' dir='ltr'><strong>pinguiores</strong></span> <span class='ocrx_word' id='word_1_84' title='bbox 450 1327 562 1387; x_wconf 84' lang='lat' dir='ltr'><strong>fuerint</strong></span> <span class='ocrx_word' id='word_1_85' title='bbox 590 1327 678 1387; x_wconf 87' lang='lat' dir='ltr'><strong>tritae</strong></span> <span class='ocrx_word' id='word_1_86' title='bbox 706 1334 736 1387; x_wconf 91' lang='lat' dir='ltr'><strong>et</strong></span> <span class='ocrx_word' id='word_1_87' title='bbox 762 1329 907 1407; x_wconf 87' lang='lat' dir='ltr'><strong>inpositae</strong></span> <span class='ocrx_word' id='word_1_88' title='bbox 934 1334 1016 1388; x_wconf 89' lang='lat' dir='ltr'><strong>tanto</strong></span> 
     </span>
    </p>
   </div>
   <div class='ocr_carea' id='block_1_3' title="bbox 107 1500 1091 1647">
    <p class='ocr_par' dir='ltr' id='par_1_3' title="bbox 107 1500 1091 1647">
     <span class='ocr_line' id='line_1_14' title="bbox 107 1500 1091 1647; baseline 0.002 -16"><span class='ocrx_word' id='word_1_89' title='bbox 107 1500 422 1631; x_wconf 46' lang='lat' dir='ltr'><strong>-F—icfftmnatura</strong></span> <span class='ocrx_word' id='word_1_90' title='bbox 451 1572 609 1629; x_wconf 88' lang='lat' dir='ltr'><strong>calidissima</strong></span> <span class='ocrx_word' id='word_1_91' title='bbox 643 1582 694 1633; x_wconf 86' lang='lat' dir='ltr'><strong>est.</strong></span> <span class='ocrx_word' id='word_1_92' title='bbox 742 1574 810 1632; x_wconf 85' lang='lat' dir='ltr'><strong>licus</strong></span> <span class='ocrx_word' id='word_1_93' title='bbox 838 1575 937 1631; x_wconf 87' lang='lat' dir='ltr'><strong>virides</strong></span> <span class='ocrx_word' id='word_1_94' title='bbox 965 1576 1015 1632; x_wconf 93' lang='lat' dir='ltr'><strong>bu·</strong></span> <span class='ocrx_word' id='word_1_95' title='bbox 1035 1580 1091 1647; x_wconf 77' lang='grc'>(76)</span> 
     </span>
    </p>
   </div>
   <div class='ocr_carea' id='block_1_4' title="bbox 61 1656 1034 2411">
    <p class='ocr_par' dir='ltr' id='par_1_4' title="bbox 107 1656 1017 1734">
     <span class='ocr_line' id='line_1_15' title="bbox 107 1656 1017 1734; baseline 0 -17"><span class='ocrx_word' id='word_1_96' title='bbox 107 1666 227 1717; x_wconf 79' lang='lat' dir='ltr'><strong>mactant</strong></span> <span class='ocrx_word' id='word_1_97' title='bbox 249 1666 278 1729; x_wconf 81' lang='lat' dir='ltr'><strong>ct</strong></span> <span class='ocrx_word' id='word_1_98' title='bbox 299 1657 436 1732; x_wconf 87' lang='lat' dir='ltr'><strong>deducunt</strong></span> <span class='ocrx_word' id='word_1_99' title='bbox 459 1666 487 1714; x_wconf 86' lang='lat' dir='ltr'><strong>ct</strong></span> <span class='ocrx_word' id='word_1_100' title='bbox 515 1656 686 1716; x_wconf 79' lang='lat' dir='ltr'><strong>calefaciunt.</strong></span> <span class='ocrx_word' id='word_1_101' title='bbox 722 1658 880 1717; x_wconf 84' lang='lat' dir='ltr'><strong>humectant</strong></span> <span class='ocrx_word' id='word_1_102' title='bbox 909 1661 1017 1734; x_wconf 89' lang='lat' dir='ltr'><strong>quidem</strong></span> 
     </span>
    </p>

    <p class='ocr_par' dir='ltr' id='par_1_5' title="bbox 66 1738 1017 1819">
     <span class='ocr_line' id='line_1_16' title="bbox 66 1738 1017 1819; baseline 0.007 -24"><span class='ocrx_word' id='word_1_103' title='bbox 66 1758 92 1797; x_wconf 86' lang='lat'><strong>15</strong></span> <span class='ocrx_word' id='word_1_104' title='bbox 108 1746 171 1819; x_wconf 86' lang='lat' dir='ltr'><strong>qnia</strong></span> <span class='ocrx_word' id='word_1_105' title='bbox 194 1744 290 1818; x_wconf 75' lang='lat' dir='ltr'><strong>pingui</strong></span> <span class='ocrx_word' id='word_1_106' title='bbox 312 1758 379 1799; x_wconf 91' lang='lat' dir='ltr'><strong>suco</strong></span> <span class='ocrx_word' id='word_1_107' title='bbox 394 1751 475 1813; x_wconf 90' lang='lat' dir='ltr'><strong>sunt,</strong></span> <span class='ocrx_word' id='word_1_108' title='bbox 497 1738 658 1799; x_wconf 79' lang='lat' dir='ltr'><strong>calefaciunt</strong></span> <span class='ocrx_word' id='word_1_109' title='bbox 672 1751 761 1800; x_wconf 86' lang='lat' dir='ltr'><strong>autern</strong></span> <span class='ocrx_word' id='word_1_110' title='bbox 777 1753 891 1818; x_wconf 87' lang='lat' dir='ltr'><strong>propter</strong></span> <span class='ocrx_word' id='word_1_111' title='bbox 912 1761 1017 1802; x_wconf 86' lang='lat' dir='ltr'><strong>sucum.</strong></span> 
     </span>
    </p>

    <p class='ocr_par' dir='ltr' id='par_1_6' title="bbox 61 1826 1018 2155">
     <span class='ocr_line' id='line_1_17' title="bbox 61 1826 1018 1905; baseline -0.003 -18"><span class='ocrx_word' id='word_1_112' title='bbox 61 1886 66 1895; x_wconf 87' lang='grc'><strong>,</strong></span> <span class='ocrx_word' id='word_1_113' title='bbox 107 1836 260 1905; x_wconf 76' lang='lat' dir='ltr'><strong>egeruntur</strong></span> <span class='ocrx_word' id='word_1_114' title='bbox 270 1828 350 1883; x_wconf 89' lang='lat' dir='ltr'><strong>etiam</strong></span> <span class='ocrx_word' id='word_1_115' title='bbox 361 1826 504 1884; x_wconf 85' lang='lat' dir='ltr'><strong>dulcedine</strong></span> <span class='ocrx_word' id='word_1_116' title='bbox 519 1827 650 1900; x_wconf 91' lang='lat' dir='ltr'><strong>ipsorum.</strong></span> <span class='ocrx_word' id='word_1_117' title='bbox 679 1829 758 1901; x_wconf 91' lang='lat' dir='ltr'><strong>primi</strong></span> <span class='ocrx_word' id='word_1_118' title='bbox 771 1844 838 1902; x_wconf 80' lang='lat' dir='ltr'><strong>crgo</strong></span> <span class='ocrx_word' id='word_1_119' title='bbox 854 1827 901 1902; x_wconf 87' lang='lat' dir='ltr'><strong>qni</strong></span> <span class='ocrx_word' id='word_1_120' title='bbox 917 1828 1018 1885; x_wconf 85' lang='lat' dir='ltr'><strong>inerint</strong></span> 
     </span>
     <span class='ocr_line' id='line_1_18' title="bbox 106 1912 1017 1989; baseline -0.002 -18"><span class='ocrx_word' id='word_1_121' title='bbox 106 1914 218 1989; x_wconf 86' lang='lat' dir='ltr'><strong>pessimi</strong></span> <span class='ocrx_word' id='word_1_122' title='bbox 240 1919 306 1968; x_wconf 91' lang='lat' dir='ltr'><strong>sunt</strong></span> <span class='ocrx_word' id='word_1_123' title='bbox 326 1921 440 1986; x_wconf 88' lang='lat' dir='ltr'><strong>propter</strong></span> <span class='ocrx_word' id='word_1_124' title='bbox 462 1912 569 1967; x_wconf 91' lang='lat' dir='ltr'><strong>nimiam</strong></span> <span class='ocrx_word' id='word_1_125' title='bbox 590 1913 793 1984; x_wconf 85' lang='lat' dir='ltr'><strong>austeritatem,</strong></span> <span class='ocrx_word' id='word_1_126' title='bbox 816 1912 1017 1989; x_wconf 86' lang='lat' dir='ltr'><strong>subsequentes</strong></span> 
     </span>
     <span class='ocr_line' id='line_1_19' title="bbox 105 1995 1016 2072; baseline -0.002 -16"><span class='ocrx_word' id='word_1_127' title='bbox 105 1998 235 2057; x_wconf 88' lang='lat' dir='ltr'><strong>meliores</strong></span> <span class='ocrx_word' id='word_1_128' title='bbox 250 2004 323 2053; x_wconf 87' lang='lat' dir='ltr'><strong>sunt.</strong></span> <span class='ocrx_word' id='word_1_129' title='bbox 353 1997 417 2053; x_wconf 91' lang='lat' dir='ltr'><strong>sicci</strong></span> <span class='ocrx_word' id='word_1_130' title='bbox 432 1995 586 2052; x_wconf 87' lang='lat' dir='ltr'><strong>calidissimi</strong></span> <span class='ocrx_word' id='word_1_131' title='bbox 602 2005 683 2069; x_wconf 85' lang='lat' dir='ltr'><strong>sunt,</strong></span> <span class='ocrx_word' id='word_1_132' title='bbox 699 1997 746 2052; x_wconf 90' lang='lat' dir='ltr'><strong>sed</strong></span> <span class='ocrx_word' id='word_1_133' title='bbox 762 2005 922 2072; x_wconf 83' lang='lat' dir='ltr'><strong>egeruntur.</strong></span> <span class='ocrx_word' id='word_1_134' title='bbox 953 1999 1016 2054; x_wconf 88' lang='lat' dir='ltr'><strong>sicci</strong></span> 
     </span>
     <span class='ocr_line' id='line_1_20' title="bbox 106 2079 1016 2155; baseline -0.005 -14"><span class='ocrx_word' id='word_1_135' title='bbox 106 2083 180 2141; x_wconf 87' lang='lat' dir='ltr'><strong>cocti</strong></span> <span class='ocrx_word' id='word_1_136' title='bbox 206 2082 235 2138; x_wconf 95' lang='lat' dir='ltr'><strong>in</strong></span> <span class='ocrx_word' id='word_1_137' title='bbox 264 2097 333 2155; x_wconf 88' lang='lat' dir='ltr'><strong>aqua</strong></span> <span class='ocrx_word' id='word_1_138' title='bbox 363 2097 424 2138; x_wconf 89' lang='lat' dir='ltr'><strong>cum</strong></span> <span class='ocrx_word' id='word_1_139' title='bbox 451 2095 539 2154; x_wconf 85' lang='lat' dir='ltr'><strong>ysopo</strong></span> <span class='ocrx_word' id='word_1_140' title='bbox 567 2083 656 2136; x_wconf 90' lang='lat' dir='ltr'><strong>omnia</strong></span> <span class='ocrx_word' id='word_1_141' title='bbox 683 2079 844 2155; x_wconf 91' lang='lat' dir='ltr'><strong>pulmonum</strong></span> <span class='ocrx_word' id='word_1_142' title='bbox 866 2083 928 2138; x_wconf 89' lang='lat' dir='ltr'><strong>vitia</strong></span> <span class='ocrx_word' id='word_1_143' title='bbox 956 2098 1016 2138; x_wconf 87' lang='lat' dir='ltr'><strong>curn</strong></span> 
     </span>
    </p>

    <p class='ocr_par' dir='ltr' id='par_1_7' title="bbox 66 2163 1034 2411">
     <span class='ocr_line' id='line_1_21' title="bbox 66 2163 1034 2236; baseline -0.005 -10"><span class='ocrx_word' id='word_1_144' title='bbox 66 2167 180 2226; x_wconf 77' lang='lat' dir='ltr'><strong>sotumi</strong></span> <span class='ocrx_word' id='word_1_145' title='bbox 201 2173 309 2224; x_wconf 76' lang='lat' dir='ltr'><strong>curant</strong></span> <span class='ocrx_word' id='word_1_146' title='bbox 346 2165 478 2221; x_wconf 87' lang='lat' dir='ltr'><strong>triticum</strong></span> <span class='ocrx_word' id='word_1_147' title='bbox 501 2163 581 2220; x_wconf 89' lang='lat' dir='ltr'><strong>melle</strong></span> <span class='ocrx_word' id='word_1_148' title='bbox 596 2165 778 2222; x_wconf 87' lang='lat' dir='ltr'><strong>carbunculos</strong></span> <span class='ocrx_word' id='word_1_149' title='bbox 800 2166 844 2222; x_wconf 86' lang='lat' dir='ltr'><strong>rei</strong></span> <span class='ocrx_word' id='word_1_150' title='bbox 860 2166 948 2222; x_wconf 88' lang='lat' dir='ltr'><strong>ulcera</strong></span> <span class='ocrx_word' id='word_1_151' title='bbox 971 2183 1034 2236; x_wconf 49' lang='lat' dir='ltr'><strong>cog</strong></span> 
     </span>
     <span class='ocr_line' id='line_1_22' title="bbox 106 2247 1017 2326; baseline -0.002 -18"><span class='ocrx_word' id='word_1_152' title='bbox 106 2254 178 2308; x_wconf 79' lang='lat' dir='ltr'><strong>rant.</strong></span> <span class='ocrx_word' id='word_1_153' title='bbox 216 2250 324 2319; x_wconf 86' lang='lat' dir='ltr'><strong>inlusus</strong></span> <span class='ocrx_word' id='word_1_154' title='bbox 346 2251 374 2305; x_wconf 92' lang='lat' dir='ltr'><strong>in</strong></span> <span class='ocrx_word' id='word_1_155' title='bbox 396 2249 482 2305; x_wconf 89' lang='lat' dir='ltr'><strong>mulsa</strong></span> <span class='ocrx_word' id='word_1_156' title='bbox 505 2247 604 2322; x_wconf 88' lang='lat' dir='ltr'><strong>pedum</strong></span> <span class='ocrx_word' id='word_1_157' title='bbox 624 2248 765 2307; x_wconf 88' lang='lat' dir='ltr'><strong>doloribus</strong></span> <span class='ocrx_word' id='word_1_158' title='bbox 780 2266 840 2307; x_wconf 92' lang='lat' dir='ltr'><strong>cum</strong></span> <span class='ocrx_word' id='word_1_159' title='bbox 861 2249 1017 2326; x_wconf 76' lang='lat' dir='ltr'><strong>podagricis</strong></span> 
     </span>
     <span class='ocr_line' id='line_1_23' title="bbox 106 2334 236 2411; baseline 0.008 -18"><span class='ocrx_word' id='word_1_160' title='bbox 106 2334 236 2411; x_wconf 85' lang='lat' dir='ltr'><strong>prodest.</strong></span> 
     </span>
    </p>
   </div>
   <div class='ocr_carea' id='block_1_5' title="bbox 174 2463 1092 2569">
    <p class='ocr_par' dir='ltr' id='par_1_8' title="bbox 174 2463 1092 2569">
     <span class='ocr_line' id='line_1_24' title="bbox 174 2463 1092 2569; baseline -0.004 -30"><span class='ocrx_word' id='word_1_161' title='bbox 174 2486 224 2539; x_wconf 85' lang='lat' dir='ltr'><strong>De</strong></span> <span class='ocrx_word' id='word_1_162' title='bbox 242 2498 318 2538; x_wconf 81' lang='lat' dir='ltr'><strong>uve.</strong></span> <span class='ocrx_word' id='word_1_163' title='bbox 421 2474 427 2483; x_wconf 83' lang='lat'><em>&#39;</em></span> <span class='ocrx_word' id='word_1_164' title='bbox 803 2463 805 2467; x_wconf 13' lang='grc' dir='ltr'><em>Α</em></span> <span class='ocrx_word' id='word_1_165' title='bbox 1034 2501 1092 2569; x_wconf 70' lang='lat'><strong>(77)</strong></span> 
     </span>
    </p>
   </div>
   <div class='ocr_carea' id='block_1_6' title="bbox 105 2577 1014 2738">
    <p class='ocr_par' dir='ltr' id='par_1_9' title="bbox 105 2577 1014 2738">
     <span class='ocr_line' id='line_1_25' title="bbox 170 2577 1014 2653; baseline 0 -19"><span class='ocrx_word' id='word_1_166' title='bbox 170 2578 227 2635; x_wconf 81' lang='lat' dir='ltr'><strong>Ura</strong></span> <span class='ocrx_word' id='word_1_167' title='bbox 242 2577 326 2635; x_wconf 88' lang='lat' dir='ltr'><strong>calida</strong></span> <span class='ocrx_word' id='word_1_168' title='bbox 342 2586 385 2634; x_wconf 87' lang='lat' dir='ltr'><strong>est</strong></span> <span class='ocrx_word' id='word_1_169' title='bbox 407 2585 435 2635; x_wconf 88' lang='lat' dir='ltr'><strong>et</strong></span> <span class='ocrx_word' id='word_1_170' title='bbox 456 2578 564 2636; x_wconf 91' lang='lat' dir='ltr'><strong>humida</strong></span> <span class='ocrx_word' id='word_1_171' title='bbox 579 2587 606 2636; x_wconf 91' lang='lat' dir='ltr'><strong>et</strong></span> <span class='ocrx_word' id='word_1_172' title='bbox 629 2580 760 2653; x_wconf 82' lang='lat' dir='ltr'><strong>egeritur.</strong></span> <span class='ocrx_word' id='word_1_173' title='bbox 798 2580 909 2635; x_wconf 83' lang='lat' dir='ltr'><strong>marimo</strong></span> <span class='ocrx_word' id='word_1_174' title='bbox 925 2587 1014 2635; x_wconf 86' lang='lat' dir='ltr'><strong>autem</strong></span> 
     </span>
     <span class='ocr_line' id='line_1_26' title="bbox 105 2662 1014 2738; baseline -0.003 -17"><span class='ocrx_word' id='word_1_175' title='bbox 105 2664 166 2721; x_wconf 82' lang='lat' dir='ltr'><strong>albe</strong></span> <span class='ocrx_word' id='word_1_176' title='bbox 188 2680 258 2738; x_wconf 88' lang='lat' dir='ltr'><strong>quae</strong></span> <span class='ocrx_word' id='word_1_177' title='bbox 280 2663 364 2719; x_wconf 84' lang='lat' dir='ltr'><strong>fuerit</strong></span> <span class='ocrx_word' id='word_1_178' title='bbox 385 2662 504 2720; x_wconf 78' lang='lat' dir='ltr'><strong>calefacit</strong></span> <span class='ocrx_word' id='word_1_179' title='bbox 527 2663 649 2736; x_wconf 81' lang='lat' dir='ltr'><strong>fortiter,</strong></span> <span class='ocrx_word' id='word_1_180' title='bbox 672 2663 734 2719; x_wconf 91' lang='lat' dir='ltr'><strong>ideo</strong></span> <span class='ocrx_word' id='word_1_181' title='bbox 757 2665 820 2736; x_wconf 85' lang='lat' dir='ltr'><strong>qnia</strong></span> <span class='ocrx_word' id='word_1_182' title='bbox 835 2662 950 2719; x_wconf 88' lang='lat' dir='ltr'><strong>multum</strong></span> <span class='ocrx_word' id='word_1_183' title='bbox 972 2679 1014 2719; x_wconf 90' lang='lat' dir='ltr'><strong>ca-</strong></span> 
     </span>
    </p>
   </div>
   <div class='ocr_carea' id='block_1_7' title="bbox 104 2797 320 2807">
    <p class='ocr_par' dir='ltr' id='par_1_10' title="bbox 104 2797 320 2807">
     <span class='ocr_line' id='line_1_27' title="bbox 104 2797 320 2807; baseline -0.014 0"><span class='ocrx_word' id='word_1_184' title='bbox 104 2797 320 2807; x_wconf 76' lang='lat'><em>.....-..------</em></span> 
     </span>
    </p>
   </div>
   <div class='ocr_carea' id='block_1_8' title="bbox 103 2871 1172 3670">
    <p class='ocr_par' dir='ltr' id='par_1_11' title="bbox 103 2871 1122 3339">
     <span class='ocr_line' id='line_1_28' title="bbox 120 2871 1122 2986; baseline -0.004 -30"><span class='ocrx_word' id='word_1_185' title='bbox 120 2972 128 2985; x_wconf 88' lang='lat'><strong>.</strong></span> <span class='ocrx_word' id='word_1_186' title='bbox 175 2899 366 2986; x_wconf 65' lang='lat' dir='ltr'><strong>IElfipscins</strong></span> <span class='ocrx_word' id='word_1_187' title='bbox 387 2901 482 2983; x_wconf 79' lang='lat' dir='ltr'><strong>cutem</strong></span> <span class='ocrx_word' id='word_1_188' title='bbox 510 2899 536 2981; x_wconf 80' lang='lat' dir='ltr'><strong>si</strong></span> <span class='ocrx_word' id='word_1_189' title='bbox 553 2902 634 2981; x_wconf 64' lang='grc' dir='ltr'><strong>ἶ...ἰ</strong></span> <span class='ocrx_word' id='word_1_190' title='bbox 657 2871 803 2983; x_wconf 69' lang='lat' dir='ltr'><strong>(caupo).</strong></span> <span class='ocrx_word' id='word_1_191' title='bbox 824 2902 829 2967; x_wconf 81' lang='grc'>1</span> <span class='ocrx_word' id='word_1_192' title='bbox 854 2899 1022 2982; x_wconf 32' lang='grc' dir='ltr'><strong>εἰοθίεφυῑε</strong></span> <span class='ocrx_word' id='word_1_193' title='bbox 1047 2876 1122 2953; x_wconf 80' lang='lat' dir='ltr'><strong>siin</strong></span> 
     </span>
     <span class='ocr_line' id='line_1_29' title="bbox 103 2971 1122 3123; baseline -0.005 -24"><span class='ocrx_word' id='word_1_194' title='bbox 103 2971 512 3123; x_wconf 62' lang='lat' dir='ltr'><strong>llz&#39;dassl⁰l&gt;⁰?”llllpl&#39;l.</strong></span> <span class='ocrx_word' id='word_1_195' title='bbox 527 2988 579 3096; x_wconf 65' lang='lat'><strong>¹²³3</strong></span> <span class='ocrx_word' id='word_1_196' title='bbox 596 2971 1122 3111; x_wconf 55' lang='lat' dir='ltr'><strong>illdillbltnllll,bualmllll‘]</strong></span> 
     </span>
     <span class='ocr_line' id='line_1_30' title="bbox 104 3110 1122 3196; baseline -0.008 -25"><span class='ocrx_word' id='word_1_197' title='bbox 104 3114 163 3171; x_wconf 78' lang='lat' dir='ltr'><strong>sodi</strong></span> <span class='ocrx_word' id='word_1_198' title='bbox 179 3132 233 3186; x_wconf 75' lang='lat' dir='ltr'><strong>pv:</strong></span> <span class='ocrx_word' id='word_1_199' title='bbox 251 3112 319 3184; x_wconf 86' lang='lat' dir='ltr'><strong>p&#39;cdi</strong></span> <span class='ocrx_word' id='word_1_200' title='bbox 337 3114 377 3169; x_wconf 79' lang='lat' dir='ltr'><strong>td.</strong></span> <span class='ocrx_word' id='word_1_201' title='bbox 398 3116 404 3181; x_wconf 89' lang='grc'>1</span> <span class='ocrx_word' id='word_1_202' title='bbox 428 3112 558 3168; x_wconf 82' lang='lat' dir='ltr'><strong>tumendi</strong></span> <span class='ocrx_word' id='word_1_203' title='bbox 576 3114 636 3196; x_wconf 77' lang='lat' dir='ltr'><strong>(sic)</strong></span> <span class='ocrx_word' id='word_1_204' title='bbox 654 3131 679 3183; x_wconf 83' lang='lat' dir='ltr'><strong>p.</strong></span> <span class='ocrx_word' id='word_1_205' title='bbox 735 3114 877 3183; x_wconf 68' lang='lat' dir='ltr'><strong>eprestet</strong></span> <span class='ocrx_word' id='word_1_206' title='bbox 895 3112 935 3166; x_wconf 86' lang='lat' dir='ltr'><strong>ld.</strong></span> <span class='ocrx_word' id='word_1_207' title='bbox 991 3110 1122 3164; x_wconf 73' lang='lat' dir='ltr'><strong>dimun-</strong></span> 
     </span>
     <span class='ocr_line' id='line_1_31' title="bbox 104 3181 1121 3264; baseline -0.006 -22"><span class='ocrx_word' id='word_1_208' title='bbox 104 3184 183 3242; x_wconf 84' lang='lat' dir='ltr'><strong>enlos</strong></span> <span class='ocrx_word' id='word_1_209' title='bbox 199 3186 292 3256; x_wconf 74' lang='lat' dir='ltr'><strong>pald:</strong></span> <span class='ocrx_word' id='word_1_210' title='bbox 316 3185 425 3253; x_wconf 76' lang='lat' dir='ltr'><strong>desque</strong></span> <span class='ocrx_word' id='word_1_211' title='bbox 442 3184 486 3239; x_wconf 83' lang='lat' dir='ltr'><strong>rb.</strong></span> <span class='ocrx_word' id='word_1_212' title='bbox 508 3183 513 3256; x_wconf 75' lang='lat' dir='ltr'><strong>l</strong></span> <span class='ocrx_word' id='word_1_213' title='bbox 537 3188 645 3254; x_wconf 77' lang='lat' dir='ltr'><strong>rumpit</strong></span> <span class='ocrx_word' id='word_1_214' title='bbox 662 3186 702 3240; x_wconf 87' lang='lat' dir='ltr'><strong>ld.</strong></span> <span class='ocrx_word' id='word_1_215' title='bbox 763 3184 925 3264; x_wconf 70' lang='lat' dir='ltr'><strong>ciuemque</strong></span> <span class='ocrx_word' id='word_1_216' title='bbox 943 3182 987 3237; x_wconf 83' lang='lat' dir='ltr'><strong>rb.</strong></span> <span class='ocrx_word' id='word_1_217' title='bbox 1010 3183 1014 3249; x_wconf 87' lang='grc' dir='ltr'>Ι</span> <span class='ocrx_word' id='word_1_218' title='bbox 1037 3181 1121 3236; x_wconf 77' lang='lat' dir='ltr'><strong>foeno</strong></span> 
     </span>
     <span class='ocr_line' id='line_1_32' title="bbox 104 3253 1121 3339; baseline -0.006 -27"><span class='ocrx_word' id='word_1_219' title='bbox 104 3272 144 3329; x_wconf 74' lang='lat' dir='ltr'><strong>pr.</strong></span> <span class='ocrx_word' id='word_1_220' title='bbox 161 3274 194 3329; x_wconf 80' lang='lat' dir='ltr'><strong>p,</strong></span> <span class='ocrx_word' id='word_1_221' title='bbox 211 3258 280 3339; x_wconf 71' lang='lat' dir='ltr'><strong>leno</strong></span> <span class='ocrx_word' id='word_1_222' title='bbox 297 3272 339 3339; x_wconf 69' lang='lat' dir='ltr'><strong>gr.</strong></span> <span class='ocrx_word' id='word_1_223' title='bbox 358 3257 414 3310; x_wconf 81' lang='lat' dir='ltr'><strong>old</strong></span> <span class='ocrx_word' id='word_1_224' title='bbox 432 3256 627 3325; x_wconf 79' lang='lat' dir='ltr'><strong>(foenugraeco</strong></span> <span class='ocrx_word' id='word_1_225' title='bbox 641 3255 698 3324; x_wconf 84' lang='lat' dir='ltr'><strong>rb).</strong></span> <span class='ocrx_word' id='word_1_226' title='bbox 744 3260 758 3307; x_wconf 78' lang='lat' dir='ltr'><strong>t</strong></span> <span class='ocrx_word' id='word_1_227' title='bbox 779 3254 925 3331; x_wconf 77' lang='lat' dir='ltr'><strong>extinguat</strong></span> <span class='ocrx_word' id='word_1_228' title='bbox 937 3271 965 3307; x_wconf 78' lang='lat' dir='ltr'><strong>v.</strong></span> <span class='ocrx_word' id='word_1_229' title='bbox 979 3269 1015 3306; x_wconf 90' lang='lat' dir='ltr'><strong>m.</strong></span> <span class='ocrx_word' id='word_1_230' title='bbox 1030 3253 1121 3321; x_wconf 79' lang='lat' dir='ltr'><strong>pald:</strong></span> 
     </span>
    </p>

    <p class='ocr_par' dir='ltr' id='par_1_12' title="bbox 104 3322 1172 3670">
     <span class='ocr_line' id='line_1_33' title="bbox 104 3322 1125 3459; baseline -0.008 -4"><span class='ocrx_word' id='word_1_231' title='bbox 104 3344 130 3383; x_wconf 78' lang='lat'><strong>&#39;&#39;</strong></span> <span class='ocrx_word' id='word_1_232' title='bbox 144 3330 349 3435; x_wconf 46' lang='lat' dir='ltr'><strong>³²2⁰¹l¹¹⁸¹¹³l</strong></span> <span class='ocrx_word' id='word_1_233' title='bbox 369 3327 414 3381; x_wconf 66' lang='lat' dir='ltr'><strong>a.</strong></span> <span class='ocrx_word' id='word_1_234' title='bbox 465 3326 821 3453; x_wconf 46' lang='lat' dir='ltr'><strong>trininitatis</strong></span> <span class='ocrx_word' id='word_1_235' title='bbox 847 3322 1125 3459; x_wconf 51' lang='lat' dir='ltr'><strong>wlullnlillelltl</strong></span> 
     </span>
     <span class='ocr_line' id='line_1_34' title="bbox 105 3400 1146 3550; baseline -0.012 -23"><span class='ocrx_word' id='word_1_236' title='bbox 105 3400 398 3541; x_wconf 43' lang='lat' dir='ltr'><strong>billeiawblltlbulblu</strong></span> <span class='ocrx_word' id='word_1_237' title='bbox 416 3401 604 3524; x_wconf 60' lang='lat' dir='ltr'><strong>lovlnolestlis</strong></span> <span class='ocrx_word' id='word_1_238' title='bbox 623 3438 674 3536; x_wconf 66' lang='lat' dir='ltr'><strong>cll</strong></span> <span class='ocrx_word' id='word_1_239' title='bbox 686 3437 838 3550; x_wconf 62' lang='lat' dir='ltr'><strong>tybiarum</strong></span> <span class='ocrx_word' id='word_1_240' title='bbox 853 3465 904 3519; x_wconf 83' lang='lat' dir='ltr'><strong>rb.</strong></span> <span class='ocrx_word' id='word_1_241' title='bbox 929 3469 990 3542; x_wconf 29' lang='grc' dir='ltr'><strong>ΛΔ..</strong></span> <span class='ocrx_word' id='word_1_242' title='bbox 1007 3472 1146 3542; x_wconf 52' lang='lat' dir='ltr'><strong>panset*</strong></span> 
     </span>
     <span class='ocr_line' id='line_1_35' title="bbox 106 3523 1172 3670; baseline -0.01 -71"><span class='ocrx_word' id='word_1_243' title='bbox 106 3541 143 3599; x_wconf 78' lang='lat' dir='ltr'><strong>tis</strong></span> <span class='ocrx_word' id='word_1_244' title='bbox 156 3584 163 3598; x_wconf 90' lang='lat'><strong>.</strong></span> <span class='ocrx_word' id='word_1_245' title='bbox 174 3586 181 3600; x_wconf 90' lang='lat'><strong>.</strong></span> <span class='ocrx_word' id='word_1_246' title='bbox 193 3585 201 3599; x_wconf 90' lang='lat'><em>.</em></span> <span class='ocrx_word' id='word_1_247' title='bbox 215 3540 395 3599; x_wconf 75' lang='lat' dir='ltr'><strong>subveniunt.-</strong></span> <span class='ocrx_word' id='word_1_248' title='bbox 408 3542 449 3596; x_wconf 80' lang='lat' dir='ltr'><strong>sc&#39;c</strong></span> <span class='ocrx_word' id='word_1_249' title='bbox 459 3542 579 3612; x_wconf 84' lang='lat' dir='ltr'><strong>(mutato</strong></span> <span class='ocrx_word' id='word_1_250' title='bbox 588 3538 833 3613; x_wconf 54' lang='lat' dir='ltr'><strong>interpunctaouci</strong></span> <span class='ocrx_word' id='word_1_251' title='bbox 849 3523 1172 3670; x_wconf 38' lang='lat' dir='ltr'><strong>ducesspw‘m‘ffi·</strong></span> 
     </span>
    </p>
   </div>
   <div class='ocr_carea' id='block_1_9' title="bbox 0 0 1212 3900">
    <p class='ocr_par' dir='ltr' id='par_1_13' title="bbox 0 0 1212 3900">
     <span class='ocr_line' id='line_1_36' title="bbox 0 0 1212 3900; baseline 0 1"><span class='ocrx_word' id='word_1_252' title='bbox 0 0 1212 3900; x_wconf 95' lang='lat' dir='ltr'><strong> </strong></span> 
     </span>
    </p>
   </div>
  </div>
 </body>
</html>
