2416 3900
450 196 492 203 -
541 159 616 242 183*
650 197 691 204 -

64 323 109 384 so.
132 337 179 383 VI.
226 323 324 381 omnia
355 321 444 382 simul
471 320 533 382 tam'
558 322 609 383 diu
642 323 850 401 decoquuntur
877 322 971 382 donec

64 413 96 472 in
119 410 216 472 mellis
240 428 349 491 corpus
372 410 537 471 crassitudo
560 413 743 490 pinguescat.
780 429 815 471 ex
843 410 900 471 hoc
924 428 971 470 co-

65 498 163 560 cleare
187 498 298 578 grande
325 497 446 578 plenum
469 501 579 579 optime
607 501 707 561 ieiuno
732 499 852 560 cottidie
876 499 972 559 datur.

64 590 165 668 ipsum
195 605 267 648 vero
298 587 547 649 medicamentum
584 587 742 649 salubriter
776 589 871 649 vitreo
903 605 972 648 vaso

35 683 212 738 oservatur.
248 676 281 736 tlt
304 695 340 736 ex
363 695 400 736 eo
424 685 453 737 et
476 679 555 738 roitu
579 679 712 738 scenasia
735 694 809 756 quae
834 675 1066 774 omnibusfflr

64 772 136 826 nota
160 772 214 827 est.
998 777 1052 844 34),

133 963 240 1020 xm.
271 964 321 1021 De
342 965 444 1020 malo.

133 1080 322 1143 Dioscorides
350 1081 429 1162 quod
456 1082 492 1143 ad
516 1085 625 1143 aestiva
654 1083 729 1143 mala
756 1086 905 1163 pertineat
931 1085 976 1143 ita
987 1076 1025 1130 D·
1041 1082 1067 1141 1,

66 1172 162 1232 sensit
183 1178 217 1232 ut
245 1189 280 1231 ea
303 1170 440 1231 crederet
462 1171 567 1251 llegma
594 1173 724 1252 nutrire,
751 1170 827 1232 lellis
850 1171 973 1232 ardores
998 1152 1057 1201 159.

66 1260 211 1339 excitare,
238 1258 405 1320 inflationes
432 1278 566 1341 movere,
595 1261 730 1320 nervosis
756 1259 892 1340 partibus
919 1261 973 1320 mi-

25 1361 53 1402 ro
65 1349 145 1408 nime
169 1349 338 1408 convenire.
375 1347 503 1409 Galenus
526 1367 586 1409 non
610 1350 708 1408 omnia
730 1349 880 1409 reicienda
902 1367 970 1428 pro·
994 1340 1057 1396 Gal.

64 1437 184 1497 nuntiat
211 1435 263 1497 sed
294 1453 369 1516 quae
393 1445 444 1497 aut
467 1439 566 1516 aquati
589 1439 703 1517 saporis
726 1445 777 1499 aut
800 1439 898 1517 asperi
922 1418 1080 1498 autm’75·

65 1522 143 1585 acidi
174 1533 225 1586 aut
256 1543 349 1604 prope
377 1527 504 1588 vanitate
533 1525 628 1587 dulcis
661 1534 837 1587 occurrunt:
868 1527 899 1586 in
926 1525 973 1586 his

64 1620 182 1674 tantum
205 1631 271 1673 esse
289 1615 359 1674 vitia
379 1631 454 1693 quae
473 1615 583 1677 lrustra
603 1614 740 1675 omnibns
759 1612 974 1676 adiudicantur.

64 1844 93 1899 in
115 1843 179 1899 vino
200 1850 266 1917 pota
280 1851 376 1900 contra
397 1843 543 1902 lumbricos
558 1854 586 1901 et
609 1845 694 1902 tineas
710 1845 821 1901 ventris.
857 1845 974 1900 cortices

26 1935 53 1977 1⁶
65 1929 154 1984 siccae
168 1942 231 1985 cum
246 1927 324 2000 gallis
340 1944 426 2002 aeque
440 1930 520 1985 tritae
535 1930 597 1986 vitia
613 1929 734 1986 dentium
748 1935 859 1985 curant·
880 1934 974 1985 coctae
1055 2000 1059 2006 ¹

65 2013 94 2068 in
116 2012 180 2068 vino
202 2018 231 2067 et
252 2013 333 2070 tritae
354 2014 499 2087 perniones
515 2021 542 2070 et
565 2002 688 2071 tumores
711 2029 805 2070 omnes
828 2018 924 2069 curant
946 2019 974 2068 et

10 2137 12 2140 ψ
65 2095 191 2171 gingivas
214 2103 361 2154 tumentes.
378 2138 382 2143 -
399 2113 467 2171 aqua
489 2098 516 2153 in
539 2114 592 2172 qua
615 2107 707 2156 coetae
729 2097 829 2154 luerint
852 2098 975 2172 gargari-

65 2186 261 2238 zaturcontra
283 2197 393 2239 uvarum
415 2190 546 2238 tumores.

130 2262 197 2322 Flos
219 2265 278 2321 eius
292 2264 413 2344 arboris,
436 2268 483 2341 qui
505 2269 611 2341 cytinos
626 2282 688 2323 roas
704 2272 830 2330 vocatur,
854 2265 974 2322 siccatur

24 2350 94 2405 solu
116 2347 228 2422 umbra,
250 2351 332 2406 tritus
354 2352 382 2406 in
404 2350 542 2425 pulverem
565 2350 689 2408 omnibns
703 2349 859 2407 vulneribus
883 2348 973 2405 mede·

66 2441 123 2490 tur.
159 2448 222 2491 cum
243 2432 322 2490 melle
346 2435 427 2491 tritus
442 2435 550 2491 vulnera
571 2437 626 2492 oris
649 2443 734 2493 curat.
771 2432 924 2489 balaustion
946 2432 973 2488 id

66 2524 117 2603 est
131 2517 270 2576 centifolia
294 2516 345 2575 llos
368 2520 426 2575 eius
447 2519 535 2577 siccus
557 2521 638 2576 tritus
654 2520 765 2576 vulnera
787 2533 856 2591 quae
878 2517 974 2574 humo·

66 2618 126 2658 rem
147 2609 196 2658 aut
217 2605 377 2676 sanguinem
392 2604 504 2677 mittunt
526 2604 654 2663 desiccat.
684 2611 809 2661 cocturas
832 2597 892 2677 (sic)
910 2617 974 2657 ocu·

66 2686 158 2743 lorum
180 2695 209 2743 et
230 2685 349 2744 saucium
371 2705 431 2745 cum
454 2687 534 2745 melle
555 2690 667 2745 mixtum
689 2687 771 2744 tollit.

140 2940 155 2988 1
179 2933 283 2991 Omnia
303 2935 369 3004 pol:
398 2949 469 3005 quoe
492 2934 587 2989 omnia
609 2935 653 2990 rb.
679 2937 683 3004 Ι
709 2937 865 3006 coquuntur·
887 2939 932 2995 rb.
1001 2945 1017 2992 2
1040 2939 1082 2992 Ex

66 3005 122 3060 hoc
139 3006 207 3076 pol:
231 3022 266 3061 ex
283 3021 339 3076 quo
357 3006 401 3061 rb.
423 3005 428 3077 Ι
454 3004 577 3061 cocleare
595 3007 661 3077 pol:
690 3007 799 3063 coclear
815 3025 831 3062 r
854 3009 991 3076 (cochlear
1010 3010 1046 3078 b).

67 3075 212 3132 tobtime
230 3092 257 3146 9.
282 3078 286 3144 Ι
311 3075 428 3132 cottidie
444 3093 475 3146 9:
503 3076 607 3134 cotidie
624 3079 663 3134 vl.
731 3085 833 3134 traso
850 3096 901 3148 po:
929 3094 994 3133 vase
1013 3079 1023 3132 l
1042 3078 1083 3146 (in

67 3162 135 3203 rese
152 3147 211 3217 rt).
271 3152 287 3201 5
306 3147 441 3230 lit-*eet
459 3163 509 3232 ont.
523 3148 568 3203 rb.
585 3145 702 3231 Ιροΐτου
716 3149 864 3204 σκευασίαι
881 3148 957 3204 roitu
971 3149 1083 3231 cepasio

65 3218 1082 3360 romscottardarent·transeunts,

66 3375 156 3415 vanc
175 3360 221 3416 Pl.
241 3365 346 3431 23,100.
368 3362 372 3429 Ι
396 3360 538 3431 pertinent
554 3376 606 3428 po:
634 3360 693 3414 -net
710 3358 795 3428 rdtl).
851 3364 885 3414 10
905 3358 1039 3415 Gallenos
1056 3377 1083 3426 c,

66 3428 204 3487 (lulianus
221 3431 286 3502 l(r).
351 3437 382 3485 11
403 3430 500 3499 aquati
516 3447 568 3500 po:
592 3429 654 3485 -tici
671 3429 756 3499 rbtl).
817 3434 848 3484 12
867 3428 994 3485 vanitate
1017 3433 1087 3499 polz

66 3516 121 3557 om.
138 3502 184 3557 rb.
242 3508 275 3556 13
295 3520 321 3572 q.
340 3501 468 3557 omnibus
486 3502 590 3558 frustra
607 3501 627 3557 l.
