2416 3900
463 126 706 211 -'137-

79 308 186 371 deinde
215 317 362 390 torretur,
394 317 424 370 et
451 312 590 370 universa
618 318 706 371 tunsa
733 318 763 372 et
790 320 871 372 oreta
899 311 987 372 mede

79 399 192 479 optimo
220 401 311 460 mixta
342 397 530 479 subiguntur.
573 406 672 460 rutam
694 401 817 460 venenis
844 402 985 461 resistere

78 487 223 550 mustelae
247 488 368 568 docent,
391 505 557 566 quaecum
580 488 771 568 serpentibus
794 489 986 550 dimicaturae

79 577 146 638 cibo
170 579 236 638 cius
259 583 420 638 armantur.
452 576 554 638 docuit
576 585 607 638 et
628 595 682 638 rex
709 579 848 657 ponticus
870 577 984 640 Mithri·
1030 585 1046 618 *

50 666 177 747 adstes,
215 668 266 744 qui
294 684 363 727 cnm
390 665 492 726 fratris
520 668 567 726 sui
599 667 718 727 timeret
749 666 872 727 insidias
900 674 986 747 rutae

80 754 149 815 lolia
167 769 219 816 xx
242 773 312 816 cum
334 753 450 816 duabus
468 754 596 816 nucibus
616 763 647 815 et
668 755 792 816 totidem
811 757 917 816 caricis
940 755 988 815 ad-

78 846 172 905 mixto
192 843 262 905 salis
280 861 371 923 grano
387 842 508 906 cottidie
526 846 645 905 ieiunus
663 847 786 925 accepit.
819 863 875 906 nec
894 847 989 905 mino·

79 951 142 993 rem
174 930 261 994 nobis
288 950 376 1012 opem
405 941 435 994 et
463 941 567 994 contra
594 934 664 995 vitia
687 936 822 1014 corporis
847 942 988 1013 praestat.
1043 980 1046 986 .
1159 932 1173 955 ⁸

79 1030 164 1082 aceto
188 1030 219 1082 et
246 1020 311 1081 oleo
339 1039 426 1082 roseo
454 1024 544 1083 mixta
567 1022 692 1082 mirifice
720 1022 853 1083 dolorem
885 1025 989 1103 capitis

37 1111 194 1171 1oavertit.
235 1109 403 1172 inflationes
427 1110 518 1192 oboli,
544 1113 618 1172 item
640 1113 772 1171 matricis
794 1113 986 1190 omniumque
1001 1124 1095 1180 Diosc.

78 1201 303 1260 interaneorum
322 1202 421 1260 statim
445 1202 559 1279 mitigat
577 1217 646 1260 cum
668 1199 776 1279 butyro
796 1208 825 1261 et
848 1198 913 1260 oleo
937 1201 986 1261 de·
1006 1200 1076 1264 3,45.

79 1296 164 1349 cocta
192 1295 224 1350 et
249 1290 366 1349 iniecta.
408 1289 443 1349 ad
475 1287 638 1349 lumbricos
665 1289 814 1351 necandos
842 1288 914 1350 utile
943 1295 990 1349 est

79 1375 180 1437 oleum
211 1376 322 1438 bibisse
351 1379 399 1438 cui
432 1385 499 1438 ruta
528 1379 644 1438 incocta
672 1385 726 1439 est.
771 1379 855 1458 ignes
888 1396 988 1438 saeros

79 1483 149 1527 enm
168 1473 253 1527 aceto
272 1473 303 1526 ct
322 1465 387 1527 oleo
406 1484 528 1526 rosaceo
548 1474 579 1527 et
598 1485 719 1529 cerussa
739 1473 902 1547 temperata
919 1466 989 1527 ilico

37 1567 65 1610 15
80 1556 236 1634 extinguit.
261 1553 349 1616 datur
364 1562 394 1616 ct
408 1573 499 1616 sucus
509 1556 573 1616 eius
588 1563 656 1617 ante
671 1556 872 1617 accessionem
886 1553 989 1616 biben-

79 1642 137 1703 dus
161 1650 266 1704 eontra
293 1641 394 1704 febres
417 1662 486 1705 cum
509 1643 619 1724 frigore
643 1646 805 1706 venientes.
842 1645 921 1705 idem
945 1646 989 1727 in-

79 1730 208 1794 stillatus
232 1731 374 1793 auriculis
397 1732 489 1792 eflicit
511 1740 545 1792 ut
569 1736 721 1812 contingat
743 1733 855 1794 audire.

149 1821 330 1883 Stultissime
346 1820 464 1900 quidam
474 1829 559 1882 rutae
568 1823 638 1882 vitia
652 1821 793 1882 dixerunt
807 1821 885 1900 quod
900 1839 987 1881 vene·
1032 1873 1048 1905 *

78 1927 146 1970 rem
166 1909 314 1991 inhibeat,
340 1910 466 1988 genitale
486 1927 588 1971 semen
607 1912 773 1992 extinguat,
794 1911 923 1971 infantes
945 1913 1096 1994 inminse.)

34 2012 65 2054 so
80 2005 170 2060 utero
184 2006 281 2059 necet.
307 1999 377 2059 lacit
391 2002 471 2059 enim
488 1998 562 2059 baec
576 2017 636 2059 non
650 2002 723 2079 ipsa,
737 1997 789 2059 sed
801 2001 855 2078 qui
869 2001 988 2061 virtutis

79 2088 148 2163 eius
166 2086 250 2149 obliti
268 2105 325 2148 nec
343 2088 465 2148 modum
483 2106 540 2148 nec
559 2095 677 2167 tempus
695 2089 850 2166 aspiciunt.
879 2096 909 2148 ct
922 2088 989 2148 ideo

81 2185 250 2256 temperare
263 2176 421 2255 prudentis
432 2185 522 2237 estut
535 2176 571 2237 de
582 2175 690 2237 auxilio
700 2194 760 2237 non
774 2176 824 2236 fiat
833 2193 988 2236 venenum.

152 2353 224 2411 liuta
239 2355 377 2410 hortensis
391 2356 503 2410 nimium
518 2355 625 2411 virtutis
646 2354 760 2424 calidae,
783 2355 872 2410 omnia
887 2369 989 2409 venena
1013 2351 1068 2420 (46)

78 2438 196 2513 expellit
217 2455 279 2495 eum
295 2441 357 2495 rino
379 2447 455 2514 pota.
488 2456 570 2496 sucus
593 2438 722 2495 loliorum
746 2439 804 2495 eins
826 2455 888 2495 cum
910 2437 990 2494 melle

33 2535 65 2577 so
80 2522 168 2581 attico
195 2523 326 2597 caligines
354 2524 497 2580 oculorum
526 2523 645 2581 discutit.
687 2540 748 2580 cum
776 2522 856 2580 melle
883 2531 990 2596 sumpla

79 2607 238 2665 inflationes
260 2609 394 2666 stomachi
417 2608 499 2666 tollit.
536 2625 629 2664 semen
651 2608 710 2664 eius
733 2609 827 2664 tritum
849 2624 910 2665 eum
926 2608 989 2663 vino

78 2693 162 2767 potui
184 2694 277 2749 datum
300 2693 434 2750 tortiones
458 2694 558 2750 ventris
581 2690 662 2748 tollit.

153 2867 168 2915 1
183 2863 269 2916 tunsa
280 2876 331 2929 po:
345 2861 411 2916 tuse
420 2861 437 2914 l.
455 2863 459 2928 Ι
475 2860 553 2914 creta
565 2860 665 2929 poor:
684 2858 808 2914 cribrata
820 2859 896 2929 Μ),
912 2861 919 2942 l
933 2858 1018 2914 melle
1053 2856 1096 2910 vl:

78 2930 160 2986 melli
177 2931 224 2986 rb.
270 2931 453 2987 amusaeliae
471 2949 494 2986 r.
541 2931 736 2987 imatridates
753 2947 780 3002 p.
825 2930 973 2986 bnucibus
986 2929 1036 2998 ing
1085 2955 1096 2966 ·
1151 2981 1153 2986 .

78 3001 163 3057 dibu·
177 3003 223 3057 rb.
240 3003 244 3071 Ι
260 3002 386 3057 admixto
396 3033 430 3043 -
441 3001 558 3058 cottidie
571 3017 621 3058 om.
637 3004 654 3059 l.
692 3009 708 3057 9
722 3019 801 3058 roseo
814 3017 866 3072 pc:
880 3015 994 3056 rosaceo
1006 2999 1016 3052 l
1029 2997 1096 3079 (rb).

81 3071 193 3144 lmixts
210 3075 278 3144 pot:
300 3072 391 3129 mixto
408 3075 454 3129 rb.
506 3078 539 3126 10
557 3074 669 3130 avertit.
697 3072 854 3129 inflationes
868 3070 943 3126 oholi
961 3067 1096 3138 (Inflacm-

77 3145 207 3201 pascoli
223 3145 395 3215 basicpoi.
447 3144 645 3202 libaturus.
701 3152 734 3199 13
753 3143 846 3199 oleum
864 3137 1095 3209 maumonii!

80 3212 131 3269 cui
147 3215 211 3272 oleo
224 3216 289 3271 mla
301 3215 321 3271 i.
335 3215 374 3270 sit
387 3217 404 3270 l.
420 3217 454 3286 ΙΙ
493 3232 523 3271 es
542 3232 622 3271 acro·
636 3218 654 3271 l.
696 3221 731 3270 14
749 3230 859 3269 cerussa
875 3212 942 3281 pois
960 3209 1097 3276 eomsab,

81 3300 180 3358 omorio
196 3304 220 3342 r.
242 3290 246 3356 Ι
270 3285 337 3343 ilico
354 3289 421 3356 pots
450 3287 456 3298 “
483 3286 526 3341 ‘co
547 3287 592 3342 rb.
662 3292 695 3340 16
718 3285 794 3340 idem
815 3284 883 3352 pol:
910 3283 980 3337 item
997 3281 1043 3335 rb.

82 3360 119 3412 18
132 3356 266 3414 dixerunt
275 3359 379 3428 pon-f
390 3361 430 3429 o):
449 3359 546 3413 norb.
582 3363 616 3412 ai
635 3356 765 3411 modost.
801 3353 1033 3423 22fiatpolrblz
1055 3350 1098 3406 fe·

82 3425 173 3485 cisti.
214 3434 248 3484 27
271 3445 341 3498 quoe
363 3446 415 3500 seq.
437 3430 471 3483 in
488 3430 543 3482 cod.
569 3427 632 3483 Vot.
650 3427 733 3495 (Mai
757 3427 835 3496 biti
857 3426 972 3479 odiecto.
987 3427 1059 3475 suad·
1074 3434 1114 3472 cn

82 3498 204 3569 Aprilem
225 3498 389 3557 Dioscome
410 3502 561 3570 iterumque
583 3499 717 3571 Apuleio.
743 3516 751 3529 ·
