2416 3900
546 188 764 252 ...18-

315 351 353 405 ib.
416 348 557 409 dolorem.
585 352 759 427 gravitatem
777 353 894 412 aurium
908 352 998 431 adeps
1017 356 1160 415 remissus

416 455 485 497 cum
499 437 646 498 absinthio
662 441 745 519 trito,
764 457 832 500 cunr
850 440 915 500 eleo
929 442 1046 502 inlusus
1061 461 1159 502 emen-

283 538 388 600 natal.
416 525 474 586 dat.
514 528 645 586 murium
675 528 750 586 cinis
782 545 851 587 eum
883 529 969 589 melle
1001 529 1160 591 instillatus

315 618 351 674 ib.
415 613 529 674 inhibet
551 613 692 675 dolorem.
729 617 755 673 si
774 615 891 693 aliquod
913 618 1019 677 animal
1042 620 1161 678 intravit

415 705 609 782 praecipuum
627 710 673 762 est
691 703 856 763 remedium
870 706 1000 763 murium
1018 706 1057 765 sel
1076 715 1187 767 aeeto⁵

314 795 351 848 ib.
415 790 542 851 dilutum
573 790 724 851 instillare.
767 793 792 851 si
823 809 898 870 aqua
930 793 1035 873 fugiat,
1070 795 1160 872 adeps

415 881 571 939 anserinus
598 897 666 939 eum
694 897 783 958 cepae
817 898 888 940 suno
920 880 1063 940 inlinitur.
1111 882 1159 941 de-

413 967 528 1046 plorata
547 975 659 1040 autem
689 970 806 1028 aurium
833 970 903 1028 vitia
934 971 977 1028 sie
1010 976 1159 1030 sanantur.

415 1055 482 1133 gliri
505 1055 671 1115 detrahitur
693 1056 778 1134 pellis
806 1064 836 1116 et
862 1059 1003 1117 intestina
1026 1058 1160 1118 eiusdem

414 1143 623 1222 decoquuntur
650 1146 772 1204 invase
796 1162 872 1204 nova
900 1163 968 1205 curn
991 1145 1085 1206 mellis
1109 1147 1159 1207 he·
1174 1159 1201 1199 1⁰

413 1233 501 1292 minis
523 1231 735 1309 tribunusque
754 1232 790 1291 ad
812 1234 916 1293 tertias
939 1242 1027 1312 atque
1051 1237 1091 1294 ita
1110 1235 1158 1294 ad·

413 1328 560 1400 servatur,
588 1328 619 1380 et
641 1338 709 1381 eum
737 1338 812 1400 opus
835 1328 881 1381 est
908 1322 1009 1402 strigle
1033 1321 1159 1382 mediea-

319 1413 349 1466 '.
412 1416 546 1468 mentum
574 1409 753 1487 tepefactum
780 1408 956 1470 infunditur.
993 1410 1074 1470 valde
1098 1411 1158 1470 lau-

413 1497 521 1556 dantur
540 1503 570 1556 et
588 1499 701 1557 terreni
718 1515 835 1558 vermes
854 1516 922 1558 cum
941 1500 1054 1557 auseris
1074 1498 1157 1576 adee

413 1586 491 1644 eneti
505 1593 535 1644 et
548 1584 689 1645 instillati.
717 1586 880 1646 verberatis
896 1584 1018 1647 auribus
1032 1584 1157 1667 cocleae,
1173 1597 1199 1637 1⁵

413 1675 546 1752 quaein
574 1691 631 1733 usu
660 1682 730 1734 sunt
757 1674 829 1755 eibi,
858 1680 1047 1753 apponuntur
1070 1676 1157 1734 tritae

319 1765 349 1820 '.
413 1780 481 1822 eum
500 1764 595 1822 *mirra
619 1770 648 1822 et
672 1770 747 1822 ture.
784 1761 900 1822 cocleae
928 1763 1059 1821 minutae
1082 1761 1158 1822 latae

312 1852 348 1908 ab.
411 1852 499 1910 tritae
519 1851 659 1910 fracturis
673 1852 789 1910 aurium
807 1849 981 1909 inlinuntur.
1019 1859 1158 1911 senectus

412 1941 560 2017 serpentis
583 1939 709 1999 ferventi
732 1945 808 1998 testa
822 1944 889 1997 usta
910 1945 940 1997 et
963 1940 1091 1998 contrita
1113 1941 1156 1999 in-

412 2026 539 2087 stillatur
562 2032 598 2087 ex
617 2026 682 2086 olen
696 2027 811 2085 resacia
830 2033 934 2086 contra
952 2028 1069 2087 aurium
1089 2029 1158 2087 vitia
1172 2040 1198 2081 aa

412 2117 510 2175 omnia
538 2114 589 2175 sed
616 2116 775 2194 praecipue
803 2115 1043 2197 graveolentiam,
1076 2124 1107 2176 et
1133 2119 1157 2176 si

410 2203 587 2283 purulentae
616 2205 676 2263 sint
704 2221 792 2263 aures
821 2202 928 2264 melius
951 2222 988 2263 ex
1017 2211 1099 2264 aceto
1128 2213 1158 2264 et

411 2292 479 2352 felle
508 2294 628 2371 caprino
655 2291 702 2352 vel
729 2291 881 2352 bubulino.
918 2292 991 2351 haee
1019 2301 1157 2352 senectus

279 2390 383 2454 tatae.
410 2388 480 2460 pust
506 2398 616 2441 annum
639 2382 718 2445 vires
746 2382 811 2440 non'
835 2379 931 2440 habet.
968 2380 1156 2440 membranae

412 2487 448 2528 ex
476 2478 577 2529 ventre
606 2468 765 2548 gallinacea
798 2485 873 2546 quaa
905 2470 1093 2546 proiciuntur
1121 2487 1157 2528 ex
1171 2481 1197 2520 25

411 2559 479 2617 vino
507 2560 607 2639 tritae,
639 2565 669 2618 et
696 2557 786 2634 adeps
809 2555 983 2636 gallinarum
1013 2557 1158 2635 tepefacta

189 2656 382 2719 tatae-140.
411 2646 617 2707 infunduntur.
655 2645 763 2706 blattae
783 2647 846 2704 sine
866 2646 960 2724 eapite
980 2653 1010 2704 et
1032 2644 1157 2723 pedibus

217 2779 370 2834 lintravib
391 2781 463 2849 prb:
493 2781 577 2836 -rerit
594 2781 622 2834 d.
704 2779 777 2835 afel
798 2796 848 2836 om.
868 2781 894 2834 d.
976 2785 992 2833 6
1015 2779 1107 2849 fugiat
1130 2783 1158 2834 et

145 2850 228 2920 adipe
255 2850 383 2906 auserim
409 2852 465 2920 pd:
493 2850 642 2905 intraverit
669 2851 755 2920 adeps
783 2850 926 2904 anserinus
944 2851 981 2903 rb
1009 2849 1086 2929 (PL).

144 2928 160 2977 9
180 2920 248 2976 Oliri
265 2938 290 2992 9.
315 2927 321 2989 Ι
346 2922 509 2976 detrahetur
525 2922 574 2990 qd.
648 2926 682 2974 10
701 2936 764 2974 eum
782 2937 818 2975 m.
837 2918 958 2972 heminis
977 2918 1087 2985 (eminis
1105 2919 1157 2987 μά)

145 2993 236 3047 tribua
253 2994 302 3062 (sie
316 2998 342 3048 et
356 2993 485 3060 Marep.
496 2996 530 3044 82
539 2990 617 3060 inf.):
637 3006 700 3043 eum
714 2989 798 3044 melle
809 2989 855 3043 ΡΖ.
893 2993 925 3042 12
940 2988 1038 3060 atrigle
1053 2989 1089 3057 (a)
1103 2990 1156 3057 qd:

144 3065 193 3119 stri
216 3064 247 3119 'li
263 3065 300 3118 rb
315 3064 371 3132 (M,
386 3062 453 3131 Pe).
517 3067 550 3115 14
563 3060 646 3129 adipe
663 3059 769 3114 anseris
787 3060 813 3114 d.
868 3064 901 3111 1⁷
921 3059 979 3131 late
997 3075 1027 3127 p:
1046 3058 1157 3128 laeted,

144 3138 173 3190 et
209 3136 255 3191 ate
283 3135 352 3203 (lare
370 3134 396 3201 b)
415 3133 451 3186 rb
479 3132 558 3200 (Pa).
630 3136 665 3185 20
684 3132 781 3185 nonna
799 3129 906 3184 aurium
925 3130 962 3184 rb
981 3130 1064 3199 (Pl.):
1092 3147 1156 3185 aon-

142 3241 212 3298 trita
238 3228 308 3297 er‘ra
324 3241 353 3310 9)
370 3239 419 3308 φά.
496 3243 529 3292 21
549 3253 635 3307 grava
654 3236 760 3292 olentia
778 3238 809 3303 d,
827 3241 913 3306 grave
932 3235 1039 3291 olentia
1057 3253 1079 3291 r.

144 3320 177 3368 23
196 3329 230 3368 ve
258 3314 316 3367 Pl:
335 3311 365 3366 et
381 3309 471 3381 pdrb.
497 3310 502 3379 1
525 3307 660 3363 bubalina
674 3309 706 3375 d,
723 3307 829 3362 bubulo
848 3308 884 3362 rb
899 3307 976 3433 (PR.
1023 3313 1058 3362 24
1071 3308 1158 3362 Mem-

142 3383 232 3438 brana
248 3399 275 3453 p.
347 3387 380 3436 26
399 3380 483 3436 tritae
501 3381 538 3435 rb
561 3380 643 3449 (Pl.):
668 3379 738 3434 trita
754 3380 803 3449 nd.
838 3379 843 3449 Ι
877 3380 907 3433 et
967 3394 1017 3448 eps
1043 3379 1102 3448 (Pl.
1121 3378 1156 3445 cf.

145 3455 285 3578 Mageiitpe
302 3457 360 3578 {lp
388 3455 418 3508 et
435 3450 519 3522 adipe
536 3451 626 3522 pdrb.
655 3453 660 3521 Ι
693 3450 836 3521 tepefacta
852 3451 906 3520 ρᾶς
936 3451 995 3505 -tae
1017 3450 1062 3504 rb.
