2416 3900
531 154 750 216 -74-

264 329 371 391 annue.
399 326 478 378 nant.
517 316 652 376 efficaces
679 323 749 376 sunt
779 323 809 376 et
835 315 917 375 bulbi
944 317 1009 375 triti
1035 334 1090 394 per
1115 335 1147 378 se

399 406 436 466 ad
453 405 576 465 vulnera
598 404 780 483 glutinanda:
804 404 948 465 adiciebat
966 410 1065 464 tamen
1088 404 1148 467 illis

399 493 512 553 Damon
530 494 664 554 medicus
682 511 819 554 muscum
838 494 889 572 qui
909 495 940 553 in
959 510 1035 570 aqua
1053 494 1147 573 gigni·

284 593 370 657 cape.
398 589 449 642 tur
464 590 507 642 -et
534 581 581 641 die
610 583 713 660 quinto
744 581 882 642 solvebat.
923 579 1148 659 myrobalanum

399 679 433 730 ut
460 672 519 730 iam
547 669 674 731 diximus
702 688 796 748 genus
827 678 872 732 est
902 676 1038 748 caryotae
1066 671 1174 749 quod⁵

399 777 433 818 os
456 777 516 820 non
543 758 645 819 habet:
677 758 750 819 haec
774 777 810 818 ex
833 760 901 834 vino
929 765 1049 818 austero
1077 760 1149 820 trita

262 850 371 920 (nono)
398 847 522 907 vulnera
549 847 661 908 solidat.
699 854 728 907 et
759 847 894 926 cupressi
920 845 990 907 solia
1011 848 1084 907 trita
1111 848 1148 908 ad

240 938 371 1008 ·(23‚134.)
400 936 528 997 eundem
560 937 700 996 effectum
731 938 932 1014 imponuntur.
984 933 1052 996 rubi
1085 937 1147 996 sive

398 1023 508 1103 platani
536 1025 581 1084 vel
608 1023 662 1083 ties
691 1023 736 1084 vel
758 1042 841 1083 mora
871 1024 934 1083 sine
962 1022 1147 1085 collectionis

239 1114 370 1187 (24‚152.)
398 1113 531 1191 periculo
555 1120 668 1172 sanant.
704 1121 735 1172 et
756 1111 940 1172 millefolium
960 1112 1067 1173 tritum
1083 1111 1146 1173 rul-
1161 1121 1189 1160 ¹⁰

284 1211 370 1276 anot.
399 1200 522 1261 neribus
553 1203 725 1281 imponitur.
772 1202 940 1261 centauriae
973 1199 1057 1261 radix
1085 1207 1146 1261 tam

399 1290 503 1350 efficax
531 1296 576 1350 est
603 1289 640 1350 ad
667 1288 766 1368 plagas
790 1289 976 1368 glutinandas
998 1295 1034 1348 ut
1057 1291 1148 1349 etiam

399 1396 503 1438 carnes
527 1378 737 1438 cohaerescant
761 1395 835 1456 quae
863 1396 932 1438 cum
955 1395 990 1438 ea
1013 1394 1146 1456 coquun-

283 1476 369 1540 29‚31.
398 1473 456 1526 tur.
493 1466 557 1525 lana
581 1466 682 1526 sucida
704 1465 871 1526 infunditur
894 1469 925 1526 in
946 1464 1005 1526 mel
1027 1473 1057 1527 et
1080 1482 1145 1526 ace-

399 1562 462 1613 tum
495 1553 634 1632 frigidum
663 1561 692 1614 et
724 1553 835 1634 oleum,
867 1553 974 1614 deinde
1004 1571 1147 1632 expressa
1160 1561 1186 1602 1⁶

265 1651 371 1714 amne.
398 1643 568 1720 imponitur.
606 1644 729 1721 spongia
751 1661 787 1702 ex
810 1661 885 1721 aqua
909 1642 1029 1703 caelesti
1051 1644 1145 1721 impo-

399 1731 455 1790 sita
476 1733 609 1790 recentia
627 1737 708 1791 secta
726 1748 787 1791 non
804 1733 917 1810 patitur
934 1733 1145 1791 intumescere.

264 1828 370 1891 28,242.
398 1826 428 1878 et
456 1837 524 1879 caro
551 1817 636 1878 vituli
662 1817 834 1879 recentibus
860 1817 1033 1880 vulneribus
1063 1824 1146 1879 arcet

297 1909 334 1962 it.
397 1914 554 1967 tumorem.
588 1906 668 1967 idem
686 1907 788 1967 limum
806 1906 951 1968 bubulum
970 1923 1040 1968 cum
1057 1905 1144 1967 mede

264 2004 369 2067 aenda.
397 2002 535 2073 praestat.
563 2003 701 2056 recentes
718 1995 817 2075 plagas
832 1996 912 2056 ierro
931 1995 1023 2055 iactas
1042 1995 1146 2075 gluten
1159 2004 1186 2045 ²0

397 2085 549 2144 taurinum
571 2083 764 2162 liquefactum
787 2091 874 2162 atque
898 2085 1072 2162 impositum
1093 2101 1145 2144 ne·

398 2189 455 2249 que
475 2180 542 2233 ante
562 2172 639 2233 diem
654 2175 777 2234 tertium
791 2172 921 2232 solutum
939 2172 1146 2235 efficacissime

396 2261 484 2320 iuvat.

464 2423 544 2480 ΠΠ.
566 2424 755 2481 Ulceribus.

464 2541 531 2602 Scio
555 2545 667 2621 gratius
687 2543 820 2602 futurum
840 2542 946 2622 luisse,
969 2544 995 2602 si
1018 2542 1145 2621 singulis

396 2630 555 2706 generibus
570 2630 703 2691 ulcerum
718 2632 891 2690 nominatim
909 2629 1059 2690 dedissem
1071 2631 1144 2691 titu-
1159 2637 1186 2679 ²⁵

201 2850 339 2906 tdemon
360 2854 455 2922 petro:
483 2854 603 2909 Damion
627 2855 672 2908 Pl.
698 2853 702 2924 Ι
727 2868 854 2907 muscum
872 2856 918 2908 cte.
937 2852 992 2922 gd:
1020 2851 1146 2906 mulsum

124 2918 177 2975 Pl.
197 2922 259 2991 (per
277 2939 307 2977 se
320 2926 370 2978 out
388 2927 420 2979 nt
433 2924 554 2979 Damion
572 2942 610 2982 ex,
625 2924 714 2979 mulso
721 2925 738 2992 t)
752 2924 787 2991 cf.
798 2923 888 2978 Hurd.
909 2924 1013 2992 (More.
1024 2939 1056 2991 p.
1071 2924 1145 2992 228).

165 2995 182 3045 ὅ
205 2994 238 3048 ut
259 2993 316 3048 iam
339 2994 460 3050 diximus
482 2997 534 3065 pb:
562 3011 613 3049 out.
630 2996 657 3051 d.
730 3002 746 3049 6
770 2993 874 3050 austeri
895 2995 937 3066 pd
965 2995 1010 3063 (ex
1038 2993 1146 3049 austeri

125 3061 195 3119 vinc
213 3065 250 3134 al).
302 3068 378 3120 'leta
396 3066 491 3121 Etiam
506 3064 535 3120 ‘ct
590 3071 623 3119 11
644 3064 785 3137 centaurip
803 3065 880 3134 p(r):
900 3081 959 3137 rep
977 3065 1009 3132 d,
1029 3063 1077 3119 ·n'i
1097 3064 1144 3119 Pl.

202 3141 236 3189 14
254 3135 303 3192 inf.
323 3137 406 3192 melle
429 3140 459 3192 et
481 3138 560 3192 aceto
578 3136 611 3191 fr.
630 3138 660 3190 et
682 3136 743 3190 oleo
767 3138 790 3191 t.
816 3137 821 3204 Ι
846 3137 876 3190 et
897 3135 927 3189 in
950 3137 1062 3190 acetum
1080 3135 1109 3189 d.

130 3209 163 3258 17
182 3207 260 3262 secta
276 3209 377 3276 poor:
397 3209 477 3277 septe.
494 3209 538 3262 rb.
612 3212 644 3261 19
663 3207 801 3261 tumorem
819 3206 951 3275 goffia:
970 3205 1100 3260 dolorem
1118 3206 1146 3261 d.

131 3272 232 3344 lflmus
249 3277 349 3333 bubuli
367 3280 386 3334 d
404 3278 534 3347 (bubulus
553 3278 588 3345 b).
643 3283 678 3332 20
696 3277 775 3346 glute
793 3278 854 3347 (sic)
872 3293 897 3346 9.
953 3281 986 3331 21
1008 3278 1096 3346 atque
1114 3291 1145 3346 g:

129 3343 160 3397 et
176 3345 196 3398 d
214 3348 402 3418 (calidumque
416 3350 453 3418 b).
502 3355 536 3404 22
556 3347 747 3403 efficacissime
761 3349 898 3404 innutrita
918 3346 1147 3402 efficacissimum

126 3411 209 3467 aiunt
228 3419 280 3484 cd.
353 3421 395 3474 tit.
414 3420 458 3474 Ad
476 3420 571 3475 ulcera
589 3421 618 3474 et
637 3419 672 3473 ad
691 3435 790 3473 cancer
812 3419 887 3489 quod
905 3434 990 3474 nomo
1011 3417 1062 3489 (qd
1079 3433 1146 3473 oen-

112 3487 262 3540 ceromata
280 3493 364 3560 corr.)
384 3492 503 3547 vocatur
519 3507 551 3562 g,
569 3490 615 3546 Ad
631 3509 660 3546 u.
678 3491 708 3545 et
724 3489 762 3544 ad
779 3506 908 3546 canorum
926 3490 953 3545 d.
