2416 3900
485 144 703 209 ,46-

353 306 438 369 nardi
460 307 617 368 drachmae
635 321 703 388 1111,
725 324 842 386 myrrae
861 304 1018 369 drachmae
1036 320 1101 389 1111,

355 399 415 476 opii
437 395 594 457 drachmae
617 409 685 478 1111,
712 395 834 456 schoeni
857 394 1013 457 drachmae
1037 409 1102 478 1111,

353 487 467 564 piperis
479 485 560 564 longi
573 485 729 546 drachmae
743 500 777 565 u,
792 486 905 565 piperis
919 482 978 545 albi
996 483 1102 547 drach·

354 591 418 635 mae
432 589 465 635 v.
491 574 565 636 hacc
583 592 643 636 una
656 581 795 635 teruntur
810 586 879 634 cum
892 571 978 633 melle
993 590 1102 652 graeco

354 663 528 744 despumato
548 662 627 743 quod
646 665 717 724 satis
736 668 790 725 est.
827 667 962 722 servatur
980 663 1012 721 in
1026 674 1127 744 pasca

353 755 456 815 vitreo.
492 770 509 812 a
532 751 636 814 balneo
666 752 775 813 dautur
796 752 897 811 ieiuno
924 751 956 811 in
978 752 1101 829 potione

354 840 443 902 mulsi
464 843 549 902 mixti
567 860 604 902 ex
622 858 697 920 aqua
720 839 813 902 calida
836 836 993 899 drachmae
1016 837 1101 901 duae.

419 1043 460 1098 V.
482 1041 602 1098 Ventri
623 1041 819 1098 molliendo.

221 1171 326 1234 talou.
420 1160 523 1222 Menae
547 1161 639 1223 salsae
662 1161 693 1221 id
716 1168 763 1221 est
788 1161 886 1240 pisces
910 1158 980 1220 salsi
1002 1161 1102 1222 ventri

353 1249 512 1310 molliendo
531 1269 598 1312 cum
618 1249 686 1310 felle
709 1251 787 1310 tauri
808 1247 948 1309 umbilico
970 1247 1101 1311 inhnun·

221 1347 324 1410 tenca.
353 1346 411 1398 tur.
456 1338 501 1399 lac
529 1340 684 1417 caprinum
710 1345 844 1417 potatum
876 1354 945 1396 cum
977 1334 1038 1397 sale
1071 1344 1143 1398 et1⁰

266 1431 281 1463 *
352 1425 447 1485 melle.
484 1425 667 1487 ventriculus
686 1425 791 1487 suillus
811 1428 843 1485 in
862 1443 922 1504 quo
946 1423 1031 1487 sarda
1049 1425 1101 1486 de-

136 1513 327 1587 *(of.ao‚49.)
354 1522 438 1574 cocta
461 1516 507 1575 sit.
544 1515 627 1593 porri
646 1514 766 1593 capitati
789 1512 913 1574 discocti
935 1530 990 1593 per
1012 1531 1044 1573 se
1067 1515 1102 1573 in

238 1611 326 1674 anae.
354 1600 419 1663 cibo
439 1610 607 1663 sumuntur.
644 1604 757 1663 urticae
773 1619 874 1662 semen
893 1608 1007 1662 tostum
1023 1619 1101 1681 pane

114 1696 217 1760 aaut.
238 1699 325 1762 aeae.
353 1689 510 1768 colligitur.
532 1690 817 1770 lensnonpercocta
831 1688 979 1750 sorbetur.
1002 1707 1101 1770 myro·

352 1776 475 1839 balanus
512 1787 558 1839 est
599 1796 693 1858 genus
731 1787 867 1859 caryotae
904 1795 1030 1838 nascens
1066 1779 1100 1839 in
1115 1791 1141 1832 1⁵

351 1868 496 1946 Aegypto:
518 1865 591 1927 haec
615 1885 650 1926 os
672 1885 732 1927 non
754 1865 857 1946 habet,
885 1867 954 1927 vino
978 1872 1100 1927 austero

219 1961 323 2024 18903.
351 1955 470 2014 tritaet
492 1962 562 2039 pota
580 1954 677 2025 alvum
696 1956 774 2015 citat.
811 1954 851 2014 fel
869 1953 932 2032 lupi
951 1972 1020 2014 cum
1043 1953 1101 2015 ela·

219 2049 324 2112 23‚1o1.
351 2043 428 2101 terio
455 2041 595 2102 umbilico
622 2041 765 2103 inlinitur.
803 2042 926 2123 cydonia
953 2044 985 2102 in
1012 2041 1102 2104 melle

219 2137 323 2202 tepea.
352 2137 467 2190 serrata
486 2131 578 2191 cruda
592 2130 809 2192 manducantur
827 2131 974 2191 aieiunis.
1001 2149 1100 2209 pruna

218 2227 323 2291 23935.
352 2235 368 2277 a
399 2220 501 2280 ieiuno
539 2219 677 2281 eduntur.
728 2235 880 2279 mororum
914 2226 1101 2279 maturorum
1114 2231 1143 2274 eo

157 2425 171 2472 1
192 2420 307 2495 dragmp
320 2422 363 2476 cel
380 2422 457 2492 drag.
476 2412 607 2478 cocubalo
625 2424 737 2493 repetito
751 2439 884 2506 semperp
898 2423 1024 2494 (March,
1044 2441 1101 2495 pro

83 2504 137 2558 quo
155 2496 249 2545 emtam
266 2493 382 2561 spond
398 2494 418 2547 d
436 2494 497 2562 (oon.
515 2510 540 2560 r,
558 2493 655 2548 uncias
674 2495 709 2563 b).
769 2494 966 2564 asemper,
985 2493 1100 2565 scynib

85 2561 144 2626 (om.
165 2562 215 2629 M,
233 2566 266 2615 et
283 2567 309 2617 et
326 2563 419 2632 opima
437 2569 463 2619 et
476 2565 560 2634 papea
578 2564 689 2633 albona).
739 2571 757 2620 4
774 2565 839 2631 fort.
852 2581 905 2620 scr.
923 2581 987 2620 cum
1006 2563 1100 2621 mellis

84 2634 130 2684 eto.
203 2631 398 2703 bdispumato
416 2635 443 2688 d.
468 2636 473 2704 Ι
498 2651 566 2690 vaso
583 2651 615 2706 9ε
632 2652 699 2691 vase
718 2636 745 2690 d.
818 2639 833 2688 7
856 2635 941 2690 mulsi
963 2635 1046 2695 mixti
1064 2653 1100 2692 ex

84 2717 109 2754 a.
129 2717 152 2756 e.
170 2703 212 2772 qd
230 2704 264 2771 (r,
282 2704 373 2759 mulsa
390 2705 480 2760 mixta
498 2722 532 2761 ex
550 2723 575 2762 a.
595 2722 618 2765 c.
637 2707 673 2776 b).
705 2706 739 2772 cf.
761 2706 853 2769 Marc.
873 2722 907 2760 ex
925 2722 950 2760 a.
966 2723 988 2763 c.
1004 2707 1050 2761 vel
1064 2723 1101 2762 ex

83 2770 174 2827 mulso
192 2771 221 2826 in
235 2773 350 2843 potione
364 2775 512 2831 dabuntur.
534 2778 538 2846 Ι
559 2777 654 2832 drach.
668 2797 713 2831 1111
728 2777 778 2830 aut
792 2775 878 2831 etiam
891 2775 983 2830 minus
995 2817 1001 2830 .
1013 2818 1037 2833 ..
1053 2777 1098 2833 M.

119 2842 160 2897 tit.
189 2843 230 2900 De
248 2847 346 2902 ventre
368 2846 522 2902 molliendo
540 2848 567 2902 d.
640 2854 655 2903 8
678 2848 762 2902 Mena
789 2845 863 2901 salsa
880 2846 943 2973 hin
959 2848 964 2915 Ι
992 2847 1099 2987 1Θὲαέῗί

944 2935 972 2972 m
1089 2939 1098 2973 e

82 2985 163 3054 potui
180 2986 263 3042 datur
280 3004 296 3042 r
314 2988 387 3056 (fort.
406 2990 539 3057 potatur).
591 2995 622 3042 11
640 2986 811 3044 reunionlus
823 3029 829 3041 .
841 3030 847 3042 .
858 3029 864 3042 .
876 2985 968 3043 editur
985 2989 1096 3057 r(oerb.

81 3056 129 3122 de.
149 3073 200 3114 om.
219 3060 301 3114 etiam
319 3060 354 3128 b).
405 3065 438 3113 12
462 3059 558 3115 alvum
576 3060 711 3115 sistunt.
729 3074 778 3113 sec.
799 3058 844 3112 Pl.
897 3064 931 3113 14
949 3057 1023 3112 Lens
1041 3075 1100 3114 non

102 3131 213 3184 ercoeta
231 3131 284 3185 db:
303 3129 376 3184 Lens
393 3130 464 3184 bene
484 3130 595 3198 coctae
613 3131 670 3198 (sed
687 3130 759 3185 bene
777 3130 809 3183 iu
827 3144 881 3183 rae.
897 3144 964 3183 corr.
985 3130 1021 3184 al.
1040 3132 1098 3200 m).

82 3143 243 3265 daorbetur:
261 3203 302 3256 aio
314 3201 404 3270 pdrb.
424 3201 459 3267 ef.
471 3201 517 3255 Pl.
530 3200 591 3255 lena
604 3201 711 3270 optima
770 3216 843 3270 quae
856 3198 977 3254 maxime
992 3215 1096 3269 aquam

82 3266 267 3327 absorbet...
283 3271 377 3327 alvum
396 3270 523 3326 sistit...
538 3270 675 3341 discocta,
699 3270 797 3326 eadem
819 3269 905 3326 solvit
922 3270 1015 3324 minus
1033 3286 1095 3340 per·

83 3338 163 3390 cocta
181 3340 225 3405 (cs.
239 3343 318 3409 infra
332 3358 353 3397 c.
366 3345 400 3412 6).
474 3348 508 3397 16
526 3342 631 3396 austeri
647 3359 672 3411 9.
742 3346 774 3396 17
793 3345 863 3412 pota
879 3341 932 3411 91),
950 3342 1050 3410 potate
1068 3341 1095 3395 d.

86 3403 90 3474 l
106 3405 224 3462 elaterio
236 3412 264 3465 d.
303 3417 334 3466 18
355 3412 473 3482 cydonia
486 3428 516 3483 p:
537 3412 653 3468 cidonea
665 3414 685 3467 d
699 3413 734 3481 (et
746 3413 787 3468 sic
800 3414 921 3483 smper).
958 3416 992 3466 20
1008 3410 1097 3465 edun-

82 3477 142 3529 tur:
160 3478 363 3536 manducentur
380 3484 479 3538 iterum
497 3484 524 3537 d.

82 2912 173 2982 pisces
191 2916 217 2970 d.
273 2916 435 2972 9inlinitur
448 2933 478 2987 9,
505 2916 665 2974 illiniuntur
687 2918 713 2974 d.
786 2922 820 2973 10
843 2932 879 2986 po
