<?xml version="1.0" encoding="UTF-8"?>
<!DOCTYPE html PUBLIC "-//W3C//DTD XHTML 1.0 Transitional//EN"
    "http://www.w3.org/TR/xhtml1/DTD/xhtml1-transitional.dtd">
<html xmlns="http://www.w3.org/1999/xhtml" xml:lang="en" lang="en">
 <head>
  <title>
</title>
<meta http-equiv="Content-Type" content="text/html;charset=utf-8" />
  <meta name='ocr-system' content='tesseract 3.04.00' />
  <meta name='ocr-capabilities' content='ocr_page ocr_carea ocr_par ocr_line ocrx_word'/>
</head>
<body>
  <div class='ocr_page' id='page_1' title='image "./pliniisecundiqu02plingoog_0197.png"; bbox 0 0 2416 3900; ppageno 0'>
   <div class='ocr_carea' id='block_1_1' title="bbox 500 146 765 235">
    <p class='ocr_par' dir='ltr' id='par_1_1' title="bbox 500 146 765 235">
     <span class='ocr_line' id='line_1_1' title="bbox 500 146 765 235; baseline -0.011 -13"><span class='ocrx_word' id='word_1_1' title='bbox 500 146 765 235; x_wconf 59' lang='lat'>‘-194÷</span> 
     </span>
    </p>
   </div>
   <div class='ocr_carea' id='block_1_2' title="bbox 242 318 1182 934">
    <p class='ocr_par' dir='ltr' id='par_1_2' title="bbox 242 318 1182 934">
     <span class='ocr_line' id='line_1_2' title="bbox 243 318 1155 399; baseline -0.001 -17"><span class='ocrx_word' id='word_1_2' title='bbox 243 321 319 382; x_wconf 90' lang='lat' dir='ltr'>dunt</span> <span class='ocrx_word' id='word_1_3' title='bbox 341 321 459 380; x_wconf 77' lang='lat' dir='ltr'>renuis·</span> <span class='ocrx_word' id='word_1_4' title='bbox 482 319 621 380; x_wconf 84' lang='lat' dir='ltr'>cilicium.</span> <span class='ocrx_word' id='word_1_5' title='bbox 659 337 695 380; x_wconf 85' lang='lat' dir='ltr'>ex</span> <span class='ocrx_word' id='word_1_6' title='bbox 723 318 833 398; x_wconf 89' lang='lat' dir='ltr'>quihus</span> <span class='ocrx_word' id='word_1_7' title='bbox 855 334 959 399; x_wconf 90' lang='lat' dir='ltr'>aspera</span> <span class='ocrx_word' id='word_1_8' title='bbox 980 321 1026 379; x_wconf 85' lang='lat' dir='ltr'>ris</span> <span class='ocrx_word' id='word_1_9' title='bbox 1050 337 1155 381; x_wconf 88' lang='lat' dir='ltr'>eorum</span> 
     </span>
     <span class='ocr_line' id='line_1_3' title="bbox 242 407 1155 489; baseline 0 -19"><span class='ocrx_word' id='word_1_10' title='bbox 242 417 281 471; x_wconf 73' lang='lat' dir='ltr'>et¹</span> <span class='ocrx_word' id='word_1_11' title='bbox 296 411 428 489; x_wconf 88' lang='lat' dir='ltr'>primum</span> <span class='ocrx_word' id='word_1_12' title='bbox 449 407 530 488; x_wconf 84' lang='lat' dir='ltr'>ligno</span> <span class='ocrx_word' id='word_1_13' title='bbox 553 410 660 469; x_wconf 89' lang='lat' dir='ltr'>sortita</span> <span class='ocrx_word' id='word_1_14' title='bbox 683 407 924 488; x_wconf 78' lang='lat' dir='ltr'>deprehenditur.</span> <span class='ocrx_word' id='word_1_15' title='bbox 961 408 1036 483; x_wconf 65' lang='lat' dir='ltr'>lolia⁸</span> <span class='ocrx_word' id='word_1_16' title='bbox 1056 416 1155 470; x_wconf 69' lang='lat' dir='ltr'>umen</span> 
     </span>
     <span class='ocr_line' id='line_1_4' title="bbox 242 496 1156 577; baseline 0.001 -18"><span class='ocrx_word' id='word_1_17' title='bbox 242 498 290 559; x_wconf 81' lang='lat' dir='ltr'>rel</span> <span class='ocrx_word' id='word_1_18' title='bbox 320 501 386 577; x_wconf 85' lang='lat' dir='ltr'>ipsa</span> <span class='ocrx_word' id='word_1_19' title='bbox 415 515 503 577; x_wconf 89' lang='lat' dir='ltr'>poma</span> <span class='ocrx_word' id='word_1_20' title='bbox 532 499 661 558; x_wconf 89' lang='lat' dir='ltr'>contrita</span> <span class='ocrx_word' id='word_1_21' title='bbox 693 504 723 557; x_wconf 91' lang='lat' dir='ltr'>et</span> <span class='ocrx_word' id='word_1_22' title='bbox 754 499 883 577; x_wconf 89' lang='lat' dir='ltr'>inposita</span> <span class='ocrx_word' id='word_1_23' title='bbox 915 496 1096 577; x_wconf 82' lang='lat' dir='ltr'>spleneticos</span> <span class='ocrx_word' id='word_1_24' title='bbox 1125 507 1156 560; x_wconf 87' lang='lat' dir='ltr'>et</span> 
     </span>
     <span class='ocr_line' id='line_1_5' title="bbox 243 578 1155 667; baseline 0.002 -21"><span class='ocrx_word' id='word_1_25' title='bbox 243 586 423 667; x_wconf 74' lang='lat' dir='ltr'><strong>hydropicos</strong></span> <span class='ocrx_word' id='word_1_26' title='bbox 445 578 584 646; x_wconf 79' lang='lat' dir='ltr'>adiurare</span> <span class='ocrx_word' id='word_1_27' title='bbox 604 587 804 647; x_wconf 89' lang='lat' dir='ltr'>certissimum</span> <span class='ocrx_word' id='word_1_28' title='bbox 823 592 878 649; x_wconf 90' lang='lat' dir='ltr'>est.</span> <span class='ocrx_word' id='word_1_29' title='bbox 911 585 1020 647; x_wconf 78' lang='lat' dir='ltr'><strong>radicis</strong></span> <span class='ocrx_word' id='word_1_30' title='bbox 1040 594 1071 647; x_wconf 91' lang='lat' dir='ltr'>et</span> <span class='ocrx_word' id='word_1_31' title='bbox 1090 605 1155 648; x_wconf 90' lang='lat' dir='ltr'>cor·</span> 
     </span>
     <span class='ocr_line' id='line_1_6' title="bbox 244 673 1182 755; baseline 0 -18"><span class='ocrx_word' id='word_1_32' title='bbox 244 677 312 737; x_wconf 91' lang='lat' dir='ltr'>ticis</span> <span class='ocrx_word' id='word_1_33' title='bbox 335 673 556 736; x_wconf 65' lang='lat' dir='ltr'>radamantus</span> <span class='ocrx_word' id='word_1_34' title='bbox 579 673 720 755; x_wconf 80' lang='lat' dir='ltr'>hahetur,</span> <span class='ocrx_word' id='word_1_35' title='bbox 744 678 873 754; x_wconf 80' lang='lat' dir='ltr'>quarunt</span> <span class='ocrx_word' id='word_1_36' title='bbox 892 682 984 742; x_wconf 84' lang='lat' dir='ltr'>sucus</span> <span class='ocrx_word' id='word_1_37' title='bbox 1001 692 1044 736; x_wconf 83' lang='lat' dir='ltr'>cx</span> <span class='ocrx_word' id='word_1_38' title='bbox 1065 675 1182 737; x_wconf 72' lang='lat' dir='ltr'>madeo</span> 
     </span>
     <span class='ocr_line' id='line_1_7' title="bbox 245 765 1154 845; baseline 0 -19"><span class='ocrx_word' id='word_1_39' title='bbox 245 771 349 826; x_wconf 91' lang='lat' dir='ltr'>coctus</span> <span class='ocrx_word' id='word_1_40' title='bbox 370 765 479 825; x_wconf 87' lang='lat' dir='ltr'>tussim</span> <span class='ocrx_word' id='word_1_41' title='bbox 500 765 629 845; x_wconf 76' lang='lat' dir='ltr'>mitigat,</span> <span class='ocrx_word' id='word_1_42' title='bbox 651 779 720 824; x_wconf 88' lang='lat' dir='ltr'>cum</span> <span class='ocrx_word' id='word_1_43' title='bbox 738 781 822 825; x_wconf 85' lang='lat' dir='ltr'>mero</span> <span class='ocrx_word' id='word_1_44' title='bbox 846 765 958 825; x_wconf 76' lang='lat' dir='ltr'>mhtus</span> <span class='ocrx_word' id='word_1_45' title='bbox 980 766 1082 826; x_wconf 85' lang='lat' dir='ltr'>iecori.</span> <span class='ocrx_word' id='word_1_46' title='bbox 1095 783 1154 826; x_wconf 90' lang='lat' dir='ltr'>me·</span> 
     </span>
     <span class='ocr_line' id='line_1_8' title="bbox 244 851 864 934; baseline -0.002 -20"><span class='ocrx_word' id='word_1_47' title='bbox 244 853 355 934; x_wconf 55' lang='lat' dir='ltr'>detur,¹</span> <span class='ocrx_word' id='word_1_48' title='bbox 369 855 497 913; x_wconf 89' lang='lat' dir='ltr'>vesicam</span> <span class='ocrx_word' id='word_1_49' title='bbox 516 851 598 913; x_wconf 90' lang='lat' dir='ltr'>levat</span> <span class='ocrx_word' id='word_1_50' title='bbox 619 853 706 912; x_wconf 76' lang='lat' dir='ltr'>urim</span> <span class='ocrx_word' id='word_1_51' title='bbox 728 851 864 931; x_wconf 82' lang='lat' dir='ltr'>largiore.</span> 
     </span>
    </p>
   </div>
   <div class='ocr_carea' id='block_1_3' title="bbox 309 1053 666 1109">
    <p class='ocr_par' dir='ltr' id='par_1_3' title="bbox 309 1053 666 1109">
     <span class='ocr_line' id='line_1_9' title="bbox 309 1053 666 1109; baseline -0.006 0"><span class='ocrx_word' id='word_1_52' title='bbox 309 1053 483 1109; x_wconf 73' lang='lat' dir='ltr'>211.me</span> <span class='ocrx_word' id='word_1_53' title='bbox 515 1054 565 1109; x_wconf 87' lang='lat' dir='ltr'>De</span> <span class='ocrx_word' id='word_1_54' title='bbox 587 1053 666 1109; x_wconf 77' lang='lat' dir='ltr'>lico·</span> 
     </span>
    </p>
   </div>
   <div class='ocr_carea' id='block_1_4' title="bbox 141 1165 1192 2048">
    <p class='ocr_par' dir='ltr' id='par_1_4' title="bbox 141 1165 1192 2048">
     <span class='ocr_line' id='line_1_10' title="bbox 159 1165 1153 1251; baseline 0 -19"><span class='ocrx_word' id='word_1_55' title='bbox 159 1165 222 1221; x_wconf 71' lang='lat' dir='ltr'>Gal·</span> <span class='ocrx_word' id='word_1_56' title='bbox 312 1171 454 1232; x_wconf 79' lang='lat' dir='ltr'><strong>Ficorum</strong></span> <span class='ocrx_word' id='word_1_57' title='bbox 484 1179 590 1232; x_wconf 88' lang='lat' dir='ltr'>natura</span> <span class='ocrx_word' id='word_1_58' title='bbox 622 1165 800 1232; x_wconf 85' lang='lat' dir='ltr'>calidisshna</span> <span class='ocrx_word' id='word_1_59' title='bbox 830 1179 888 1251; x_wconf 85' lang='lat' dir='ltr'>est,</span> <span class='ocrx_word' id='word_1_60' title='bbox 919 1170 970 1231; x_wconf 92' lang='lat' dir='ltr'>sed</span> <span class='ocrx_word' id='word_1_61' title='bbox 1003 1170 1084 1250; x_wconf 90' lang='lat' dir='ltr'>quod</span> <span class='ocrx_word' id='word_1_62' title='bbox 1118 1170 1153 1232; x_wconf 89' lang='lat' dir='ltr'>ad</span> 
     </span>
     <span class='ocr_line' id='line_1_11' title="bbox 141 1243 1155 1342; baseline -0.002 -20"><span class='ocrx_word' id='word_1_63' title='bbox 141 1243 333 1340; x_wconf 60' lang='lat' dir='ltr'>W’ffllpoma</span> <span class='ocrx_word' id='word_1_64' title='bbox 360 1262 509 1340; x_wconf 78' lang='lat' dir='ltr'>pertineat</span> <span class='ocrx_word' id='word_1_65' title='bbox 535 1261 660 1320; x_wconf 72' lang='lat' dir='ltr'>munitam</span> <span class='ocrx_word' id='word_1_66' title='bbox 688 1257 861 1342; x_wconf 76' lang='lat' dir='ltr'>recentibus</span> <span class='ocrx_word' id='word_1_67' title='bbox 889 1260 1048 1320; x_wconf 91' lang='lat' dir='ltr'>austeritas</span> <span class='ocrx_word' id='word_1_68' title='bbox 1075 1262 1155 1320; x_wconf 90' lang='lat' dir='ltr'>inest</span> 
     </span>
     <span class='ocr_line' id='line_1_12' title="bbox 244 1346 1192 1428; baseline -0.002 -18"><span class='ocrx_word' id='word_1_69' title='bbox 244 1357 275 1410; x_wconf 90' lang='lat' dir='ltr'>et</span> <span class='ocrx_word' id='word_1_70' title='bbox 297 1349 364 1410; x_wconf 90' lang='lat' dir='ltr'>ideo</span> <span class='ocrx_word' id='word_1_71' title='bbox 388 1349 461 1410; x_wconf 90' lang='lat' dir='ltr'>tales</span> <span class='ocrx_word' id='word_1_72' title='bbox 486 1348 671 1415; x_wconf 81' lang='lat' dir='ltr'>stomachum</span> <span class='ocrx_word' id='word_1_73' title='bbox 693 1346 797 1409; x_wconf 90' lang='lat' dir='ltr'>inllant</span> <span class='ocrx_word' id='word_1_74' title='bbox 819 1355 849 1408; x_wconf 90' lang='lat' dir='ltr'>et</span> <span class='ocrx_word' id='word_1_75' title='bbox 871 1350 1010 1421; x_wconf 87' lang='lat' dir='ltr'>intestina</span> <span class='ocrx_word' id='word_1_76' title='bbox 1032 1355 1152 1428; x_wconf 91' lang='lat' dir='ltr'>pertur-</span> <span class='ocrx_word' id='word_1_77' title='bbox 1167 1361 1192 1400; x_wconf 86' lang='lat'>1⁰</span> 
     </span>
     <span class='ocr_line' id='line_1_13' title="bbox 243 1435 1155 1519; baseline -0.001 -21"><span class='ocrx_word' id='word_1_78' title='bbox 243 1437 327 1519; x_wconf 87' lang='lat' dir='ltr'>hant,</span> <span class='ocrx_word' id='word_1_79' title='bbox 351 1437 466 1498; x_wconf 88' lang='lat' dir='ltr'>modice</span> <span class='ocrx_word' id='word_1_80' title='bbox 486 1437 621 1518; x_wconf 85' lang='lat' dir='ltr'>quidem,</span> <span class='ocrx_word' id='word_1_81' title='bbox 645 1455 713 1496; x_wconf 89' lang='lat' dir='ltr'>narn</span> <span class='ocrx_word' id='word_1_82' title='bbox 735 1438 834 1497; x_wconf 88' lang='lat' dir='ltr'>statim</span> <span class='ocrx_word' id='word_1_83' title='bbox 857 1455 912 1516; x_wconf 90' lang='lat' dir='ltr'>per</span> <span class='ocrx_word' id='word_1_84' title='bbox 930 1436 1027 1497; x_wconf 89' lang='lat' dir='ltr'>alvum</span> <span class='ocrx_word' id='word_1_85' title='bbox 1050 1435 1155 1497; x_wconf 91' lang='lat' dir='ltr'>delluit</span> 
     </span>
     <span class='ocr_line' id='line_1_14' title="bbox 244 1527 1155 1606; baseline -0.002 -19"><span class='ocrx_word' id='word_1_86' title='bbox 244 1529 340 1587; x_wconf 79' lang='lat' dir='ltr'>omnts</span> <span class='ocrx_word' id='word_1_87' title='bbox 358 1528 474 1587; x_wconf 90' lang='lat' dir='ltr'>iniuria.</span> <span class='ocrx_word' id='word_1_88' title='bbox 514 1544 589 1604; x_wconf 73' lang='lat' dir='ltr'>quiae</span> <span class='ocrx_word' id='word_1_89' title='bbox 609 1528 700 1605; x_wconf 84' lang='lat' dir='ltr'>igitur</span> <span class='ocrx_word' id='word_1_90' title='bbox 724 1527 901 1585; x_wconf 81' lang='lat' dir='ltr'><strong>maturiores</strong></span> <span class='ocrx_word' id='word_1_91' title='bbox 926 1533 1061 1606; x_wconf 84' lang='lat' dir='ltr'>sumptae</span> <span class='ocrx_word' id='word_1_92' title='bbox 1085 1534 1155 1586; x_wconf 79' lang='lat' dir='ltr'>stant</span> 
     </span>
     <span class='ocr_line' id='line_1_15' title="bbox 243 1612 1153 1694; baseline -0.001 -19"><span class='ocrx_word' id='word_1_93' title='bbox 243 1634 336 1694; x_wconf 90' lang='lat' dir='ltr'>prope</span> <span class='ocrx_word' id='word_1_94' title='bbox 359 1617 505 1674; x_wconf 82' lang='lat' dir='ltr'>innocuae</span> <span class='ocrx_word' id='word_1_95' title='bbox 525 1613 689 1674; x_wconf 87' lang='lat' dir='ltr'>creduntur</span> <span class='ocrx_word' id='word_1_96' title='bbox 708 1612 738 1674; x_wconf 85' lang='lat' dir='ltr'>et</span> <span class='ocrx_word' id='word_1_97' title='bbox 757 1631 867 1692; x_wconf 89' lang='lat' dir='ltr'>corpus</span> <span class='ocrx_word' id='word_1_98' title='bbox 886 1615 1038 1674; x_wconf 49' lang='lat' dir='ltr'>slc&#39;sicuti</span> <span class='ocrx_word' id='word_1_99' title='bbox 1057 1616 1153 1674; x_wconf 90' lang='lat' dir='ltr'>siccae</span> 
     </span>
     <span class='ocr_line' id='line_1_16' title="bbox 169 1699 1154 1783; baseline -0.002 -19"><span class='ocrx_word' id='word_1_100' title='bbox 169 1699 214 1752; x_wconf 79' lang='lat' dir='ltr'>Pl·</span> <span class='ocrx_word' id='word_1_101' title='bbox 244 1705 388 1783; x_wconf 82' lang='lat' dir='ltr'>saginant.</span> <span class='ocrx_word' id='word_1_102' title='bbox 416 1711 502 1763; x_wconf 90' lang='lat' dir='ltr'>antea</span> <span class='ocrx_word' id='word_1_103' title='bbox 516 1701 644 1781; x_wconf 88' lang='lat' dir='ltr'>denique</span> <span class='ocrx_word' id='word_1_104' title='bbox 659 1701 786 1763; x_wconf 80' lang='lat' dir='ltr'>athletae</span> <span class='ocrx_word' id='word_1_105' title='bbox 800 1702 865 1762; x_wconf 90' lang='lat' dir='ltr'>ticis</span> <span class='ocrx_word' id='word_1_106' title='bbox 878 1700 1042 1783; x_wconf 84' lang='lat' dir='ltr'>alebantur,</span> <span class='ocrx_word' id='word_1_107' title='bbox 1056 1705 1154 1781; x_wconf 91' lang='lat' dir='ltr'>prius-</span> 
     </span>
     <span class='ocr_line' id='line_1_17' title="bbox 145 1775 1192 1873; baseline -0.002 -20"><span class='ocrx_word' id='word_1_108' title='bbox 145 1775 332 1871; x_wconf 61' lang='lat' dir='ltr'>²3²⁶3uuam</span> <span class='ocrx_word' id='word_1_109' title='bbox 360 1809 413 1853; x_wconf 90' lang='lat' dir='ltr'>eos</span> <span class='ocrx_word' id='word_1_110' title='bbox 439 1790 622 1870; x_wconf 73' lang='lat' dir='ltr'>Pythagoras</span> <span class='ocrx_word' id='word_1_111' title='bbox 650 1793 828 1853; x_wconf 86' lang='lat' dir='ltr'>exercitatos</span> <span class='ocrx_word' id='word_1_112' title='bbox 860 1791 912 1854; x_wconf 77' lang='lat' dir='ltr'>ad,</span> <span class='ocrx_word' id='word_1_113' title='bbox 930 1792 1029 1853; x_wconf 73' lang='lat' dir='ltr'>cunis</span> <span class='ocrx_word' id='word_1_114' title='bbox 1056 1808 1154 1873; x_wconf 69' lang='lat' dir='ltr'>rasum,</span> <span class='ocrx_word' id='word_1_115' title='bbox 1168 1804 1192 1845; x_wconf 76' lang='lat'>1⁶</span> 
     </span>
     <span class='ocr_line' id='line_1_18' title="bbox 244 1878 1155 1960; baseline -0.002 -18"><span class='ocrx_word' id='word_1_116' title='bbox 244 1884 296 1960; x_wconf 93' lang='lat' dir='ltr'>qui</span> <span class='ocrx_word' id='word_1_117' title='bbox 318 1881 424 1942; x_wconf 90' lang='lat' dir='ltr'>lortior</span> <span class='ocrx_word' id='word_1_118' title='bbox 447 1878 533 1940; x_wconf 88' lang='lat' dir='ltr'>cihus</span> <span class='ocrx_word' id='word_1_119' title='bbox 556 1888 615 1960; x_wconf 80' lang='lat' dir='ltr'>cst,</span> <span class='ocrx_word' id='word_1_120' title='bbox 645 1879 853 1940; x_wconf 86' lang='lat' dir='ltr'>transtulisset</span> <span class='ocrx_word' id='word_1_121' title='bbox 891 1880 987 1940; x_wconf 88' lang='lat' dir='ltr'>siccae</span> <span class='ocrx_word' id='word_1_122' title='bbox 1011 1881 1109 1941; x_wconf 87' lang='lat' dir='ltr'>tritae</span> <span class='ocrx_word' id='word_1_123' title='bbox 1124 1887 1155 1940; x_wconf 89' lang='lat' dir='ltr'>et</span> 
     </span>
     <span class='ocr_line' id='line_1_19' title="bbox 243 1967 1152 2048; baseline 0.001 -18"><span class='ocrx_word' id='word_1_124' title='bbox 243 1972 389 2048; x_wconf 88' lang='lat' dir='ltr'>inpositae</span> <span class='ocrx_word' id='word_1_125' title='bbox 413 1969 604 2032; x_wconf 85' lang='lat' dir='ltr'>vehementes</span> <span class='ocrx_word' id='word_1_126' title='bbox 628 1974 762 2028; x_wconf 87' lang='lat' dir='ltr'>tumores</span> <span class='ocrx_word' id='word_1_127' title='bbox 780 1974 832 2028; x_wconf 90' lang='lat' dir='ltr'>ant</span> <span class='ocrx_word' id='word_1_128' title='bbox 850 1975 1000 2029; x_wconf 90' lang='lat' dir='ltr'>maturant</span> <span class='ocrx_word' id='word_1_129' title='bbox 1023 1976 1075 2031; x_wconf 87' lang='lat' dir='ltr'>aut</span> <span class='ocrx_word' id='word_1_130' title='bbox 1094 1967 1152 2031; x_wconf 88' lang='lat' dir='ltr'>dis·</span> 
     </span>
    </p>
   </div>
   <div class='ocr_carea' id='block_1_5' title="bbox 168 2218 1193 2562">
    <p class='ocr_par' dir='ltr' id='par_1_5' title="bbox 168 2218 1193 2562">
     <span class='ocr_line' id='line_1_20' title="bbox 168 2218 1152 2309; baseline -0.003 -17"><span class='ocrx_word' id='word_1_131' title='bbox 168 2240 224 2308; x_wconf 77' lang='lat'>(74)</span> <span class='ocrx_word' id='word_1_132' title='bbox 295 2234 448 2291; x_wconf 64' lang='lat' dir='ltr'>&#39;Zizilarum</span> <span class='ocrx_word' id='word_1_133' title='bbox 471 2218 566 2291; x_wconf 84' lang='lat' dir='ltr'>natura</span> <span class='ocrx_word' id='word_1_134' title='bbox 590 2233 673 2292; x_wconf 88' lang='lat' dir='ltr'>calida</span> <span class='ocrx_word' id='word_1_135' title='bbox 696 2242 752 2305; x_wconf 88' lang='lat' dir='ltr'>est,</span> <span class='ocrx_word' id='word_1_136' title='bbox 776 2234 945 2291; x_wconf 89' lang='lat' dir='ltr'>stomachum</span> <span class='ocrx_word' id='word_1_137' title='bbox 967 2241 1096 2309; x_wconf 78' lang='lat' dir='ltr'>gravant,</span> <span class='ocrx_word' id='word_1_138' title='bbox 1118 2232 1152 2290; x_wconf 89' lang='lat' dir='ltr'>si·</span> 
     </span>
     <span class='ocr_line' id='line_1_21' title="bbox 245 2317 1154 2394; baseline 0 -19"><span class='ocrx_word' id='word_1_139' title='bbox 245 2320 292 2375; x_wconf 86' lang='lat' dir='ltr'>tim</span> <span class='ocrx_word' id='word_1_140' title='bbox 315 2328 433 2375; x_wconf 86' lang='lat' dir='ltr'>movent.</span> <span class='ocrx_word' id='word_1_141' title='bbox 477 2335 557 2394; x_wconf 90' lang='lat' dir='ltr'>poma</span> <span class='ocrx_word' id='word_1_142' title='bbox 577 2319 638 2393; x_wconf 89' lang='lat' dir='ltr'>ipsa</span> <span class='ocrx_word' id='word_1_143' title='bbox 664 2317 773 2376; x_wconf 89' lang='lat' dir='ltr'>dilficile</span> <span class='ocrx_word' id='word_1_144' title='bbox 803 2319 973 2392; x_wconf 84' lang='lat' dir='ltr'>digeruntur.</span> <span class='ocrx_word' id='word_1_145' title='bbox 1011 2319 1154 2375; x_wconf 73' lang='lat' dir='ltr'>vetemma</span> 
     </span>
     <span class='ocr_line' id='line_1_22' title="bbox 243 2397 1193 2477; baseline -0.002 -20"><span class='ocrx_word' id='word_1_146' title='bbox 243 2402 338 2460; x_wconf 84' lang='lat' dir='ltr'>viridia</span> <span class='ocrx_word' id='word_1_147' title='bbox 360 2403 438 2460; x_wconf 87' lang='lat' dir='ltr'>lacile</span> <span class='ocrx_word' id='word_1_148' title='bbox 463 2405 568 2461; x_wconf 87' lang='lat' dir='ltr'>urinam</span> <span class='ocrx_word' id='word_1_149' title='bbox 583 2412 702 2460; x_wconf 84' lang='lat' dir='ltr'>movent.</span> <span class='ocrx_word' id='word_1_150' title='bbox 740 2403 805 2461; x_wconf 87' lang='lat' dir='ltr'>lolia</span> <span class='ocrx_word' id='word_1_151' title='bbox 821 2406 880 2459; x_wconf 90' lang='lat' dir='ltr'>eius</span> <span class='ocrx_word' id='word_1_152' title='bbox 901 2397 1040 2459; x_wconf 74' lang='lat' dir='ltr'>trita&#39;cum</span> <span class='ocrx_word' id='word_1_153' title='bbox 1064 2404 1153 2477; x_wconf 84' lang='lat' dir='ltr'>pomis</span> <span class='ocrx_word' id='word_1_154' title='bbox 1168 2415 1193 2455; x_wconf 84' lang='lat' dir='ltr'>ao</span> 
     </span>
     <span class='ocr_line' id='line_1_23' title="bbox 243 2487 1002 2562; baseline -0.003 -18"><span class='ocrx_word' id='word_1_155' title='bbox 243 2505 277 2544; x_wconf 83' lang='lat' dir='ltr'>ex</span> <span class='ocrx_word' id='word_1_156' title='bbox 299 2490 361 2545; x_wconf 89' lang='lat' dir='ltr'>vino</span> <span class='ocrx_word' id='word_1_157' title='bbox 384 2496 450 2561; x_wconf 89' lang='lat' dir='ltr'>pota</span> <span class='ocrx_word' id='word_1_158' title='bbox 472 2487 636 2562; x_wconf 87' lang='lat' dir='ltr'>spleneticos</span> <span class='ocrx_word' id='word_1_159' title='bbox 659 2497 687 2544; x_wconf 88' lang='lat' dir='ltr'>et</span> <span class='ocrx_word' id='word_1_160' title='bbox 709 2487 874 2562; x_wconf 81' lang='lat' dir='ltr'>hydropicos</span> <span class='ocrx_word' id='word_1_161' title='bbox 896 2495 1002 2544; x_wconf 89' lang='lat' dir='ltr'>curant.</span> 
     </span>
    </p>
   </div>
   <div class='ocr_carea' id='block_1_6' title="bbox 77 2776 1155 3419">
    <p class='ocr_par' dir='ltr' id='par_1_6' title="bbox 77 2776 1155 3346">
     <span class='ocr_line' id='line_1_24' title="bbox 208 2776 1155 2847; baseline 0 -16"><span class='ocrx_word' id='word_1_162' title='bbox 208 2785 221 2831; x_wconf 91' lang='lat'>1</span> <span class='ocrx_word' id='word_1_163' title='bbox 247 2777 369 2832; x_wconf 83' lang='lat' dir='ltr'>officium</span> <span class='ocrx_word' id='word_1_164' title='bbox 388 2777 495 2832; x_wconf 86' lang='lat' dir='ltr'>ventris</span> <span class='ocrx_word' id='word_1_165' title='bbox 518 2779 561 2834; x_wconf 83' lang='lat' dir='ltr'>rt.</span> <span class='ocrx_word' id='word_1_166' title='bbox 587 2781 591 2847; x_wconf 80' lang='lat' dir='ltr'>t</span> <span class='ocrx_word' id='word_1_167' title='bbox 616 2795 701 2847; x_wconf 88' lang='lat' dir='ltr'>apera</span> <span class='ocrx_word' id='word_1_168' title='bbox 718 2795 742 2833; x_wconf 88' lang='lat' dir='ltr'>o.</span> <span class='ocrx_word' id='word_1_169' title='bbox 811 2783 827 2831; x_wconf 83' lang='lat'><strong>2</strong></span> <span class='ocrx_word' id='word_1_170' title='bbox 850 2778 916 2832; x_wconf 81' lang='lat' dir='ltr'>hinc</span> <span class='ocrx_word' id='word_1_171' title='bbox 939 2792 995 2831; x_wconf 85' lang='lat' dir='ltr'>ccc.</span> <span class='ocrx_word' id='word_1_172' title='bbox 1013 2777 1046 2832; x_wconf 87' lang='lat' dir='ltr'>d:</span> <span class='ocrx_word' id='word_1_173' title='bbox 1073 2776 1155 2831; x_wconf 79' lang='lat' dir='ltr'>Folia</span> 
     </span>
     <span class='ocr_line' id='line_1_25' title="bbox 136 2847 1154 2919; baseline -0.002 -16"><span class='ocrx_word' id='word_1_174' title='bbox 136 2849 221 2918; x_wconf 82' lang='lat' dir='ltr'>zinipi</span> <span class='ocrx_word' id='word_1_175' title='bbox 238 2847 285 2903; x_wconf 89' lang='lat' dir='ltr'>vel</span> <span class='ocrx_word' id='word_1_176' title='bbox 303 2849 321 2903; x_wconf 89' lang='lat' dir='ltr'>i.</span> <span class='ocrx_word' id='word_1_177' title='bbox 340 2867 368 2918; x_wconf 87' lang='lat' dir='ltr'>p.</span> <span class='ocrx_word' id='word_1_178' title='bbox 384 2890 413 2903; x_wconf 86' lang='lat'>..</span> <span class='ocrx_word' id='word_1_179' title='bbox 468 2855 484 2904; x_wconf 83' lang='lat'><strong>3</strong></span> <span class='ocrx_word' id='word_1_180' title='bbox 503 2849 550 2904; x_wconf 85' lang='lat' dir='ltr'>vel</span> <span class='ocrx_word' id='word_1_181' title='bbox 566 2851 661 2919; x_wconf 75' lang='lat' dir='ltr'>pald:</span> <span class='ocrx_word' id='word_1_182' title='bbox 684 2865 733 2903; x_wconf 85' lang='lat' dir='ltr'>om.</span> <span class='ocrx_word' id='word_1_183' title='bbox 748 2850 792 2904; x_wconf 83' lang='lat' dir='ltr'>rh.</span> <span class='ocrx_word' id='word_1_184' title='bbox 811 2853 814 2916; x_wconf 80' lang='lat' dir='ltr'>t</span> <span class='ocrx_word' id='word_1_185' title='bbox 831 2847 994 2918; x_wconf 88' lang='lat' dir='ltr'>spleniticos</span> <span class='ocrx_word' id='word_1_186' title='bbox 1011 2864 1064 2917; x_wconf 71' lang='lat' dir='ltr'>aa,</span> <span class='ocrx_word' id='word_1_187' title='bbox 1083 2848 1154 2919; x_wconf 79' lang='lat' dir='ltr'>spla</span> 
     </span>
     <span class='ocr_line' id='line_1_26' title="bbox 77 2917 1154 2989; baseline -0.002 -13"><span class='ocrx_word' id='word_1_188' title='bbox 77 2925 80 2928; x_wconf 83' lang='lat'>&#39;</span> <span class='ocrx_word' id='word_1_189' title='bbox 128 2923 214 2989; x_wconf 87' lang='lat' dir='ltr'>nicos</span> <span class='ocrx_word' id='word_1_190' title='bbox 235 2920 281 2974; x_wconf 84' lang='lat' dir='ltr'>rh.</span> <span class='ocrx_word' id='word_1_191' title='bbox 346 2920 535 2988; x_wconf 69' lang='lat' dir='ltr'>hydropicos</span> <span class='ocrx_word' id='word_1_192' title='bbox 558 2922 634 2989; x_wconf 63' lang='grc' dir='ltr'>μα),</span> <span class='ocrx_word' id='word_1_193' title='bbox 662 2919 822 2989; x_wconf 85' lang='lat' dir='ltr'>hidropicoa</span> <span class='ocrx_word' id='word_1_194' title='bbox 844 2937 895 2978; x_wconf 80' lang='lat' dir='ltr'>c.¹</span> <span class='ocrx_word' id='word_1_195' title='bbox 933 2917 1088 2976; x_wconf 79' lang='lat' dir='ltr'>ttussim:</span> <span class='ocrx_word' id='word_1_196' title='bbox 1115 2919 1154 2974; x_wconf 83' lang='lat' dir='ltr'>sic</span> 
     </span>
     <span class='ocr_line' id='line_1_27' title="bbox 134 2987 1153 3061; baseline -0.005 -14"><span class='ocrx_word' id='word_1_197' title='bbox 134 2991 288 3061; x_wconf 61' lang='lat' dir='ltr'>potatui).</span> <span class='ocrx_word' id='word_1_198' title='bbox 344 2996 358 3044; x_wconf 79' lang='lat'><strong>7</strong></span> <span class='ocrx_word' id='word_1_199' title='bbox 378 2990 500 3060; x_wconf 79' lang='lat' dir='ltr'>largiore</span> <span class='ocrx_word' id='word_1_200' title='bbox 518 3007 568 3059; x_wconf 73' lang='lat' dir='ltr'>po:</span> <span class='ocrx_word' id='word_1_201' title='bbox 592 2991 629 3046; x_wconf 89' lang='lat' dir='ltr'>-ri</span> <span class='ocrx_word' id='word_1_202' title='bbox 646 2992 683 3045; x_wconf 83' lang='lat' dir='ltr'>rb</span> <span class='ocrx_word' id='word_1_203' title='bbox 708 2992 744 3059; x_wconf 83' lang='lat' dir='ltr'>(r.</span> <span class='ocrx_word' id='word_1_204' title='bbox 763 2991 847 3046; x_wconf 81' lang='lat' dir='ltr'>levat.</span> <span class='ocrx_word' id='word_1_205' title='bbox 872 2987 983 3044; x_wconf 84' lang='lat' dir='ltr'>urinam</span> <span class='ocrx_word' id='word_1_206' title='bbox 1001 2989 1153 3060; x_wconf 79' lang='lat' dir='ltr'>largiorem</span> 
     </span>
     <span class='ocr_line' id='line_1_28' title="bbox 136 3061 1154 3132; baseline -0.004 -14"><span class='ocrx_word' id='word_1_207' title='bbox 136 3063 206 3118; x_wconf 85' lang='lat' dir='ltr'>lacit</span> <span class='ocrx_word' id='word_1_208' title='bbox 225 3064 277 3132; x_wconf 86' lang='lat' dir='ltr'>ld).</span> <span class='ocrx_word' id='word_1_209' title='bbox 328 3068 344 3117; x_wconf 88' lang='lat'>8</span> <span class='ocrx_word' id='word_1_210' title='bbox 363 3061 411 3117; x_wconf 88' lang='lat' dir='ltr'>aed</span> <span class='ocrx_word' id='word_1_211' title='bbox 430 3062 548 3131; x_wconf 81' lang='lat' dir='ltr'>quod-</span> <span class='ocrx_word' id='word_1_212' title='bbox 562 3062 618 3130; x_wconf 85' lang='grc'>(16)</span> <span class='ocrx_word' id='word_1_213' title='bbox 632 3061 822 3118; x_wconf 76' lang='lat' dir='ltr'>transtulisset</span> <span class='ocrx_word' id='word_1_214' title='bbox 834 3078 884 3117; x_wconf 83' lang='lat' dir='ltr'>om.</span> <span class='ocrx_word' id='word_1_215' title='bbox 899 3061 926 3115; x_wconf 85' lang='lat' dir='ltr'>d.</span> <span class='ocrx_word' id='word_1_216' title='bbox 977 3066 994 3114; x_wconf 88' lang='lat' dir='ltr'>a</span> <span class='ocrx_word' id='word_1_217' title='bbox 1012 3061 1154 3130; x_wconf 81' lang='lat' dir='ltr'>pertineat</span> 
     </span>
     <span class='ocr_line' id='line_1_29' title="bbox 134 3132 1152 3203; baseline -0.004 -14"><span class='ocrx_word' id='word_1_218' title='bbox 134 3136 200 3203; x_wconf 74' lang='lat' dir='ltr'>pot:</span> <span class='ocrx_word' id='word_1_219' title='bbox 226 3136 286 3189; x_wconf 89' lang='lat' dir='ltr'>-net</span> <span class='ocrx_word' id='word_1_220' title='bbox 307 3133 351 3190; x_wconf 81' lang='lat' dir='ltr'>sb.</span> <span class='ocrx_word' id='word_1_221' title='bbox 408 3138 442 3187; x_wconf 77' lang='lat'>12</span> <span class='ocrx_word' id='word_1_222' title='bbox 464 3132 629 3187; x_wconf 79' lang='lat' dir='ltr'>mattuiores</span> <span class='ocrx_word' id='word_1_223' title='bbox 648 3136 776 3201; x_wconf 82' lang='lat' dir='ltr'>sumptae</span> <span class='ocrx_word' id='word_1_224' title='bbox 796 3175 801 3186; x_wconf 95' lang='lat'>.</span> <span class='ocrx_word' id='word_1_225' title='bbox 818 3174 823 3187; x_wconf 92' lang='lat'><strong>.</strong></span> <span class='ocrx_word' id='word_1_226' title='bbox 840 3173 846 3187; x_wconf 89' lang='lat'><strong>.</strong></span> <span class='ocrx_word' id='word_1_227' title='bbox 865 3134 1003 3188; x_wconf 84' lang='lat' dir='ltr'>innocuae</span> <span class='ocrx_word' id='word_1_228' title='bbox 1021 3133 1073 3188; x_wconf 82' lang='lat' dir='ltr'>rh:</span> <span class='ocrx_word' id='word_1_229' title='bbox 1095 3147 1152 3186; x_wconf 80' lang='lat' dir='ltr'>ma</span> 
     </span>
     <span class='ocr_line' id='line_1_30' title="bbox 134 3203 1105 3274; baseline -0.003 -13"><span class='ocrx_word' id='word_1_230' title='bbox 134 3207 243 3261; x_wconf 78' lang='lat' dir='ltr'>tutiora</span> <span class='ocrx_word' id='word_1_231' title='bbox 266 3206 430 3274; x_wconf 83' lang='lat' dir='ltr'>sumpta..</span> <span class='ocrx_word' id='word_1_232' title='bbox 451 3204 598 3259; x_wconf 76' lang='lat' dir='ltr'>,innocua</span> <span class='ocrx_word' id='word_1_233' title='bbox 619 3205 672 3273; x_wconf 75' lang='lat' dir='ltr'>pot</span> <span class='ocrx_word' id='word_1_234' title='bbox 691 3205 762 3271; x_wconf 69' lang='lat' dir='ltr'>(aad</span> <span class='ocrx_word' id='word_1_235' title='bbox 783 3220 847 3258; x_wconf 77' lang='lat' dir='ltr'>moa</span> <span class='ocrx_word' id='word_1_236' title='bbox 874 3203 966 3259; x_wconf 88' lang='lat' dir='ltr'>siccae</span> <span class='ocrx_word' id='word_1_237' title='bbox 989 3205 1105 3271; x_wconf 71' lang='lat' dir='ltr'>omma-t</span> 
     </span>
     <span class='ocr_line' id='line_1_31' title="bbox 136 3273 1150 3346; baseline -0.005 -16"><span class='ocrx_word' id='word_1_238' title='bbox 136 3283 169 3331; x_wconf 85' lang='lat'>13</span> <span class='ocrx_word' id='word_1_239' title='bbox 186 3280 215 3332; x_wconf 86' lang='lat' dir='ltr'>et</span> <span class='ocrx_word' id='word_1_240' title='bbox 228 3274 259 3330; x_wconf 92' lang='lat' dir='ltr'>in</span> <span class='ocrx_word' id='word_1_241' title='bbox 273 3293 373 3346; x_wconf 86' lang='lat' dir='ltr'>corpus</span> <span class='ocrx_word' id='word_1_242' title='bbox 386 3277 441 3344; x_wconf 68' lang='lat' dir='ltr'>act</span> <span class='ocrx_word' id='word_1_243' title='bbox 460 3274 498 3345; x_wconf 92' lang='lat' dir='ltr'>(in</span> <span class='ocrx_word' id='word_1_244' title='bbox 512 3291 563 3330; x_wconf 86' lang='lat' dir='ltr'>om.</span> <span class='ocrx_word' id='word_1_245' title='bbox 577 3276 631 3344; x_wconf 86' lang='lat' dir='ltr'>rh).</span> <span class='ocrx_word' id='word_1_246' title='bbox 649 3278 654 3343; x_wconf 86' lang='grc' dir='ltr'>Ι</span> <span class='ocrx_word' id='word_1_247' title='bbox 675 3274 714 3329; x_wconf 88' lang='lat' dir='ltr'>sic</span> <span class='ocrx_word' id='word_1_248' title='bbox 729 3275 813 3330; x_wconf 88' lang='lat' dir='ltr'>sicuti</span> <span class='ocrx_word' id='word_1_249' title='bbox 826 3275 910 3344; x_wconf 89' lang='lat' dir='ltr'>(sient</span> <span class='ocrx_word' id='word_1_250' title='bbox 919 3277 953 3344; x_wconf 82' lang='lat' dir='ltr'>t):</span> <span class='ocrx_word' id='word_1_251' title='bbox 966 3276 1008 3329; x_wconf 80' lang='lat' dir='ltr'>sic</span> <span class='ocrx_word' id='word_1_252' title='bbox 1021 3276 1077 3344; x_wconf 73' lang='lat' dir='ltr'>pol</span> <span class='ocrx_word' id='word_1_253' title='bbox 1086 3273 1150 3342; x_wconf 83' lang='lat' dir='ltr'>(rh).</span> 
     </span>
    </p>

    <p class='ocr_par' dir='ltr' id='par_1_7' title="bbox 172 3342 1148 3419">
     <span class='ocr_line' id='line_1_32' title="bbox 172 3342 1148 3419; baseline -0.002 -19"><span class='ocrx_word' id='word_1_254' title='bbox 172 3349 316 3402; x_wconf 68' lang='lat' dir='ltr'>itsAntca</span> <span class='ocrx_word' id='word_1_255' title='bbox 335 3348 362 3404; x_wconf 87' lang='lat' dir='ltr'>d.</span> <span class='ocrx_word' id='word_1_256' title='bbox 381 3346 488 3419; x_wconf 66' lang='lat' dir='ltr'>athlete</span> <span class='ocrx_word' id='word_1_257' title='bbox 508 3347 559 3414; x_wconf 80' lang='lat' dir='ltr'>(te</span> <span class='ocrx_word' id='word_1_258' title='bbox 574 3349 593 3416; x_wconf 84' lang='lat' dir='ltr'>l)</span> <span class='ocrx_word' id='word_1_259' title='bbox 611 3348 677 3417; x_wconf 77' lang='lat' dir='ltr'>qul:</span> <span class='ocrx_word' id='word_1_260' title='bbox 697 3346 817 3415; x_wconf 88' lang='lat' dir='ltr'>denique</span> <span class='ocrx_word' id='word_1_261' title='bbox 837 3346 962 3402; x_wconf 85' lang='lat' dir='ltr'>athletae</span> <span class='ocrx_word' id='word_1_262' title='bbox 982 3348 1069 3401; x_wconf 86' lang='lat' dir='ltr'>antea</span> <span class='ocrx_word' id='word_1_263' title='bbox 1085 3342 1148 3413; x_wconf 78' lang='lat' dir='ltr'>rhl</span> 
     </span>
    </p>
   </div>
   <div class='ocr_carea' id='block_1_7' title="bbox 113 3418 1106 3586">
    <p class='ocr_par' dir='ltr' id='par_1_8' title="bbox 113 3418 1106 3586">
     <span class='ocr_line' id='line_1_33' title="bbox 125 3418 1106 3515; baseline 0.003 -23"><span class='ocrx_word' id='word_1_264' title='bbox 125 3443 191 3495; x_wconf 68' lang='lat' dir='ltr'>nois</span> <span class='ocrx_word' id='word_1_265' title='bbox 212 3458 263 3497; x_wconf 86' lang='lat' dir='ltr'>om.</span> <span class='ocrx_word' id='word_1_266' title='bbox 283 3445 306 3510; x_wconf 76' lang='lat' dir='ltr'>l,</span> <span class='ocrx_word' id='word_1_267' title='bbox 333 3445 385 3513; x_wconf 79' lang='lat' dir='ltr'>qut</span> <span class='ocrx_word' id='word_1_268' title='bbox 406 3445 518 3515; x_wconf 65' lang='lat' dir='ltr'>acipdt</span> <span class='ocrx_word' id='word_1_269' title='bbox 540 3443 647 3499; x_wconf 88' lang='lat' dir='ltr'>athlete</span> <span class='ocrx_word' id='word_1_270' title='bbox 671 3418 848 3498; x_wconf 69' lang='lat' dir='ltr'>dictabantur</span> <span class='ocrx_word' id='word_1_271' title='bbox 876 3446 973 3514; x_wconf 65' lang='lat' dir='ltr'>(sopra</span> <span class='ocrx_word' id='word_1_272' title='bbox 992 3444 1058 3499; x_wconf 83' lang='lat' dir='ltr'>add.</span> <span class='ocrx_word' id='word_1_273' title='bbox 1076 3442 1106 3512; x_wconf 90' lang='lat' dir='ltr'>l).</span> 
     </span>
     <span class='ocr_line' id='line_1_34' title="bbox 113 3513 401 3586; baseline 0.01 -17"><span class='ocrx_word' id='word_1_274' title='bbox 113 3513 153 3557; x_wconf 75' lang='lat'>16</span> <span class='ocrx_word' id='word_1_275' title='bbox 166 3514 335 3581; x_wconf 75' lang='lat' dir='ltr'>pytagoras</span> <span class='ocrx_word' id='word_1_276' title='bbox 352 3533 401 3586; x_wconf 74' lang='lat' dir='ltr'>po.</span> 
     </span>
    </p>
   </div>
   <div class='ocr_carea' id='block_1_8' title="bbox 0 0 1212 3900">
    <p class='ocr_par' dir='ltr' id='par_1_9' title="bbox 0 0 1212 3900">
     <span class='ocr_line' id='line_1_35' title="bbox 0 0 1212 3900; baseline 0 3"><span class='ocrx_word' id='word_1_277' title='bbox 0 0 1212 3900; x_wconf 95' lang='lat' dir='ltr'> </span> 
     </span>
    </p>
   </div>
  </div>
 </body>
</html>
