2416 3900
445 196 687 260 -177-

126 356 176 409 De
196 353 381 418 sisymbrio.
959 354 1075 422 (iicon-

123 454 304 531 Sisymbrlnm
324 457 453 512 virtutem
475 454 556 512 habet
577 455 699 512 calidam.
737 472 830 513 semen
852 456 910 513 eius
932 426 1060 514 exim·
1129 512 1132 517 .

58 540 123 599 vino
144 548 243 616 potum
264 537 438 598 difficultates
460 541 554 597 umnec
578 540 696 598 calculos
720 540 837 616 frangit,
860 541 965 616 singul·
976 512 1073 636 dap.)

58 634 118 683 tum
139 632 170 683 et
189 626 327 683 tortiones
347 625 539 682 intestinorum
560 625 646 682 sedat.
686 625 753 682 folia
774 628 832 682 eius
855 627 918 683 trita
939 633 967 683 et
998 655 1029 709 D

58 708 204 769 bonove!
224 708 393 784 temporibus
407 711 525 784 inposita
544 707 667 767 dolorem
683 712 778 785 capitis
794 713 966 785 extinguunt,
975 700 1064 795 2454,

31 802 159 853 econtra
183 795 255 851 lctus
276 810 420 868 vesparum
446 793 489 851 vel
516 794 605 868 apium
632 804 760 869 prosunt.
797 813 878 853 sucus
905 798 965 853 eius

57 886 144 955 potus
166 878 299 935 vomitum
319 880 470 953 restringit.

77 1116 81 1125 ,
125 1065 176 1119 De
193 1065 369 1129 portulaca
386 1062 556 1132 (porcelleoa
576 1063 641 1133 Pl).
984 1068 1042 1136 (43)

123 1166 268 1224 Portulaca
295 1182 392 1223 recens
416 1166 560 1242 refrigerat
589 1162 730 1243 [calefacto
751 1185 815 1225 vero
843 1168 966 1227 calefacit
997 1172 1036 1228 D.

58 1259 88 1308 st
102 1244 277 1327 rolrlgeratJ.
306 1249 498 1308 sicomorum
519 1258 642 1309 tumores
664 1253 728 1309 trita
750 1270 812 1310 cum
834 1269 904 1328 pane
925 1255 966 1310 in·
975 1248 1063 1309 22150·

57 1336 173 1411 ponitur
191 1343 221 1392 et
240 1335 397 1410 podagricis
420 1335 501 1391 simili
523 1336 605 1392 modo
627 1336 762 1395 medetur.

125 1521 328 1576 nemum.
730 1498 733 1503 ’
985 1528 1042 1596 (44)

16 1639 45 1680 ro
110 1618 230 1681 'Esuris
256 1624 385 1680 virtutem
412 1622 493 1679 habet
520 1623 644 1681 medendi
671 1625 795 1683 omnibus
823 1625 1064 1691 doloribuswutiei

55 1708 174 1765 internis
200 1707 307 1782 hepatis
334 1716 362 1764 et
389 1709 531 1768 stomachi.
569 1724 652 1765 sucus
679 1711 738 1765 eius
765 1727 826 1767 cum
854 1711 965 1785 pulvere

55 1794 162 1869 piperis
182 1793 241 1849 triti
261 1793 339 1866 potui
360 1791 447 1852 datur.
484 1792 609 1849 similitor
630 1801 658 1849 et
679 1794 736 1850 ictu
758 1794 848 1850 laesis.

54 2005 62 2019 ·
125 1978 175 2031 De
193 1978 366 2031 comesne.
984 1979 1040 2047 (45)

122 2079 289 2137 Abrotonum
312 2080 441 2137 urtuiem
466 2079 547 2136 habet
574 2078 696 2137 calidam.
732 2079 796 2136 lolia
820 2082 878 2137 eius
900 2082 965 2137 trita
996 2083 1033 2138 D.

57 2180 121 2223 cum
142 2162 220 2221 malls
242 2163 371 2239 cydonels
393 2172 468 2220 cocta
485 2163 626 2221 oculorum
643 2172 763 2220 tumores
779 2171 882 2221 curant.
918 2167 964 2220 tri·
983 2159 1053 2221 3‚26.

14 2258 44 2301 ιο
58 2257 119 2307 tum
132 2256 162 2305 et
175 2256 285 2306 coctum
299 2264 360 2304 cum
380 2248 483 2322 polline
502 2248 654 2306 hordeaceo
675 2248 834 2305 furunculos
849 2249 964 2323 spargit.

57 2348 152 2390 semen
175 2334 234 2390 eius
256 2333 413 2407 suspiriosis
435 2327 607 2408 <prodest>‚
630 2334 769 2389 urinarum
792 2331 964 2389 difficultates

56 2417 151 2479 solvit.
187 2423 282 2476 contra
304 2418 478 2491 scorpionum
505 2419 576 2474 ictus
598 2433 659 2473 cum
682 2416 744 2473 vino
774 2425 894 2492 potatur.
931 2433 963 2472 ex

55 2503 122 2559 sisto
142 2506 240 2579 potum
262 2508 400 2558 menstrua
422 2511 561 2575 provocat.

433 2638 592 2646 --——--

125 2698 174 2751 De
190 2710 409 2763 penagorece.
983 2694 1040 2763 (48)

123 2796 296 2876 Pausgorace
318 2800 461 2858 causticam
483 2801 610 2856 virtutem
632 2798 713 2855 babet
735 2797 820 2855 idest
841 2796 1064 2858 calidamuods?

14 2881 124 2941 olom
146 2884 206 2941 elus
227 2886 257 2943 ln
277 2884 364 2941 mulsa
387 2893 464 2942 cocta
478 2893 542 2958 pota
565 2883 741 2941 tussientibus
764 2890 889 2957 prosunt.
922 2899 965 2939 se·

56 2983 123 3025 men
148 2969 209 3025 eius
234 2970 329 3026 tritum
354 2986 415 3026 cum
443 2971 537 3044 pipere
559 2985 592 3024 ex
613 2969 699 3025 mulsa
726 2979 821 3044 potum
843 2974 964 3024 ventrem

57 3058 87 3109 et
110 3053 214 3111 urinam
236 3063 328 3111 movet
350 3062 378 3111 et
399 3052 517 3111 calculos
538 3055 566 3108 in
589 3056 676 3110 vesica
699 3053 812 3127 frangit.

432 3191 592 3199 -.—-..-

125 3221 174 3274 De
191 3223 314 3285 ulpino.
984 3215 1039 3285 (58)

123 3320 247 3402 lllplcum
274 3325 458 3401 indigestibile
486 3332 537 3381 est.
584 3339 645 3379 cum
672 3322 735 3377 virm
765 3321 857 3377 tritum
885 3319 1067 3393 pululando?

56 3406 153 3469 datum
173 3408 316 3467 calculosis
338 3410 460 3485 prodest.

106 3638 412 3690 meermannianam.
909 3625 953 3672 Ὠ
