2416 3900
528 184 570 192 -
620 145 693 218 152,
728 182 769 191 —

147 339 235 479 ἳξτῑὲ
312 350 456 407 XVIIII.
485 351 535 406 De
556 361 734 420 papavera.

313 467 414 549 Capita
445 471 510 529 eins
543 474 572 528 et
602 466 672 529 lolia
699 466 822 528 decocta
852 468 1008 529 meconion
1040 467 1157 530 iaciunt

183 564 198 598 *
245 557 507 639 medicamentum,
530 563 634 618 eontra
657 574 691 616 ea
710 557 845 636 corporis
863 557 933 617 vitia
956 572 1032 635 quae
1055 555 1155 618 medio

245 648 344 726 rigore
378 644 506 707 sananda
538 652 616 706 sunt.
662 662 753 706 sucus
785 661 854 705 cum
887 661 1010 705 rosaceo
1042 644 1157 707 mixtus

122 728 131 745 '
245 732 377 796 dolorem
405 736 521 795 aurium
540 735 662 813 mitigat.
698 732 768 794 lolia
790 732 913 794 decocta
931 740 961 794 et
979 749 1049 793 eum
1072 750 1155 794 rosa·

245 840 297 883 ceo
316 825 387 885 trita
405 821 517 883 morbis
531 819 739 883 articularibus
753 823 863 901 optime
877 820 1053 883 inlinuntur.
1077 834 1182 902 aquae

244 911 338 971 foveri
360 914 392 972 in
416 928 473 991 qua
495 928 674 991 papaverum
698 911 793 990 capita
825 907 948 971 decocta
966 916 1037 970 sunt
1054 909 1155 990 rigillo

244 997 348 1060 morbo
375 998 578 1060 laborantibus
600 1000 732 1078 itemque
756 1017 792 1059 ex
819 999 933 1079 epilora
959 997 1155 1078 lippientibus

182 1095 197 1128 ⁹⁸
242 1087 375 1168 prodest.
411 1105 513 1149 semen
535 1088 641 1150 tritum
659 1104 727 1148 cum
745 1094 829 1148 aceto
848 1094 879 1149 ct
901 1085 988 1148 melle
1005 1104 1067 1147 non
1090 1104 1153 1149 mo·

182 1183 197 1217 *
244 1176 340 1238 dicam
374 1175 558 1239 tumentibus
590 1193 678 1256 opem
709 1183 847 1254 praestat
891 1183 994 1236 cortex
1022 1175 1153 1237 caulicu-

182 1274 197 1307 *
243 1265 341 1327 lorum
369 1273 513 1327 contusus
545 1272 576 1326 et
603 1264 741 1325 redactus
768 1265 799 1325 in
826 1262 980 1343 pulverem
1011 1263 1153 1344 mellique
1169 1278 1195 1318 ro

244 1355 409 1433 permixtus
432 1353 560 1415 sordidis
582 1351 756 1414 vulneribus
778 1352 892 1414 utiliter
913 1353 1077 1432 inponitur.

183 1451 198 1484 *
310 1441 364 1503 Est
382 1450 412 1504 et
431 1442 565 1504 silvestre
584 1441 694 1503 modici
717 1442 821 1519 capitis
844 1448 874 1501 ct
894 1458 955 1501 non
974 1442 1016 1502 ita
1034 1440 1154 1503 fruticis

137 1578 153 1612 ,
203 1579 232 1632 P
245 1528 327 1612 elati,
360 1530 440 1608 quod
471 1533 547 1590 miro
575 1521 637 1590 usn'
665 1528 801 1590 lancibus
832 1531 864 1588 in
897 1536 1014 1590 tumore
1045 1529 1154 1608 positis

151 1580 395 1704 {ssflw‘asperatas
422 1620 550 1680 arterias
579 1625 671 1679 sanat.
712 1618 745 1677 lit
775 1635 811 1677 ex
840 1635 875 1677 eo
904 1616 1153 1679 medicamentum

151 1693 324 1790 pinnum
347 1706 455 1767 medici
476 1714 597 1768 auctore
621 1705 786 1785 Chrysippo
809 1704 964 1766 diacodion
987 1713 1102 1766 vocant.
1167 1719 1193 1760 15

171 1907 225 1975 (52)
250 1969 256 1981 ‚
330 1901 450 1976 Papauer
471 1903 615 1977 restringit
637 1899 743 1974 quidem
760 1907 788 1956 et
808 1900 898 1974 replet
920 1908 947 1957 et
969 1906 1012 1957 est
1034 1900 1153 1958 lerllssi·

244 2001 334 2057 mum,
356 1993 385 2043 et
406 1986 504 2043 lortius
520 1985 594 2060 qued
609 1993 651 2041 est
665 1986 784 2060 nigrum.
823 1984 920 2041 borum
935 1984 1055 2042 emnium
1071 2000 1154 2043 sucus

245 2070 333 2144 magis
361 2071 483 2144 egeritur
511 2086 592 2144 quam
620 2084 725 2127 carnes.
765 2062 910 2144 coquendo
938 2084 1006 2144 ergo
1030 2068 1154 2129 servabis

244 2155 282 2210 ita
302 2161 335 2211 ut
356 2170 417 2211 eum
437 2154 556 2212 volueris
579 2153 680 2228 aliquid
706 2152 857 2225 desiccare,
878 2168 945 2210 suco
967 2153 1044 2228 prius
1066 2171 1154 2227 qoem

243 2237 401 2296 recentibus
416 2237 539 2297 carnibus
554 2240 648 2298 utaris.
686 2253 748 2294 nam
770 2253 869 2311 genera
889 2253 1051 2312 papaverum
1067 2237 1152 2295 multa
1166 2243 1195 2285 2⁰

245 2331 323 2394 sunt,
348 2330 377 2380 et
397 2324 514 2397 agrestia
529 2321 637 2397 quidem
653 2320 800 2380 medicinae
816 2338 867 2378 usu
887 2319 1072 2379 efficacissima
1088 2329 1155 2378 aunt

246 2408 364 2480 quaein
389 2407 477 2464 hortis
499 2413 638 2464 seruntur.
677 2405 768 2463 album
795 2421 911 2481 papaver
931 2405 1023 2463 minus
1045 2403 1153 2477 efficax,

245 2489 427 2565 soporiferum
456 2498 498 2548 est
525 2489 649 2565 quidem,
672 2491 799 2565 quoniam
822 2490 911 2547 minus
937 2490 1041 2565 rigoris
1071 2491 1154 2546 inse

245 2575 384 2647 continet,
413 2591 492 2649 quem
515 2574 642 2650 paulatim
665 2574 704 2631 illi
726 2573 833 2631 cultura
854 2573 973 2632 decoxit.
1010 2573 1075 2630 lolia
1094 2575 1155 2631 elus

171 2852 177 2864 α
210 2790 224 2836 1
241 2782 301 2839 eins
314 2786 379 2856 pet:
398 2785 548 2855 papaveris
561 2788 596 2856 (et
609 2800 674 2841 moa
685 2784 755 2840 folia
764 2784 834 2853 eius)
845 2784 892 2838 rb.
909 2785 913 2852 Ι
929 2780 1078 2838 meconion
1085 2783 1153 2852 polz

136 2855 299 3008 nnn
315 2856 691 3009 „elnonense
703 2853 990 2925 n„
1004 2853 1154 2994 W

174 3001 189 3051 5
208 2997 313 3053 morbis
330 2996 525 3052 articularibus
542 2998 608 3068 yet:
627 2997 783 3052 tumoribus
802 2994 998 3052 muculenbns
1016 3011 1034 3049 r
1051 2995 1153 3064 (tumo-

137 3067 215 3123 ribus
232 3067 436 3152 eumcnlmibus
455 3068 494 3151 bb
509 3069 544 3150 cf.
562 3069 625 3137 epit.
643 3071 647 3138 Ι
665 3068 822 3150 inlinuntur
838 3084 889 3137 po:
908 3065 1073 3150 illipiunw
1091 3065 1153 3120 leb.

138 3140 416 3293 epicoenon
430 3139 685 3293 bildldstb
725 3136 1154 3291 tribuendane

138 3282 309 3337 eaulroorum
331 3282 348 3339 l.
405 3288 437 3336 11
461 3281 570 3338 ubhter
595 3283 662 3352 peis
689 3296 740 3337 om.
763 3281 807 3335 rb.
873 3279 1104 3348 reductiora.

139 3353 172 3402 18
186 3352 257 3407 miro
271 3371 323 3408 unu
341 3353 407 3423 eet:
431 3353 502 3408 miro
521 3352 611 3409 estin
630 3370 683 3407 usu
695 3352 739 3406 rb.
786 3351 1079 3420 adrepentesque
1095 3366 1154 3418 asp.

138 3420 198 3485 νῶι
222 3425 370 3490 appetentes
387 3441 417 3494 e,
441 3423 602 3495 apporiatus
620 3423 638 3479 l.
698 3428 731 3479 15
755 3424 868 3477 auctore
891 3422 924 3476 in
945 3436 1034 3490 mero.
1054 3421 1156 3489 addc

124 3485 205 3547 (ante
222 3491 355 3561 wippo
375 3500 408 3552 ut
424 3495 476 3569 el).
493 3496 498 3569 Ι
514 3493 656 3568 diocydon
673 3509 709 3566 pe
720 3493 792 3564 (rbi,
808 3491 948 3562 dyoeidon
966 3493 984 3548 t.
