2416 3900
514 120 732 187 „fil-

114 281 254 345 nuendos
271 281 483 361 pellendosque
504 282 620 345 cocleae
639 286 742 346 inanes
762 293 861 347 conte·

112 379 235 435 runtnr.
272 371 496 435 combustarum
514 375 590 434 cinis
612 376 644 435 in
660 376 781 454 potione
805 375 862 435 cal·

112 462 199 524 cvdos
231 460 323 542 pellit.
367 461 457 542 lapilli
487 465 539 541 qui
569 466 601 524 in
632 464 863 543 gallinaceorum
890 473 977 536 tout.

113 553 213 612 vesica
235 559 288 613 ant
309 552 341 612 ln
358 551 566 631 palumborum
585 549 794 633 (ventriculo)
818 556 861 615 in·

85 648 100 693 ⁶
114 641 276 701 veniuntur
287 642 529 721 contritipotioni
539 643 761 722 insperguntur.
775 643 862 703 fimus
924 642 961 698 ib.

113 728 324 809 palumborum
354 731 384 790 in
417 729 580 791 sorbitione
609 749 644 791 ex
673 731 738 792 laba
770 733 863 792 lracta
972 808 974 815 y

113 816 236 878 bibitur.
274 819 389 879 cicadas
408 825 501 880 tostas
519 822 551 878 iu
568 819 675 899 patella
697 823 730 881 in
748 823 861 881 vesicae
890 828 977 892 30,68.

112 905 216 967 dolore
240 907 312 968 utile
337 916 383 968 est
409 906 535 980 bibere.x
558 916 661 969 contra
688 927 791 970 omues
814 928 862 969 ve·
925 909 961 964 ab.

112 997 194 1056 sicae
217 994 406 1057 difficultates
426 997 501 1057 cinis
523 996 692 1076 plumarum
710 997 862 1077 palumbo·
907 1038 910 1043 -

74 1095 100 1135 1⁰
113 1102 182 1145 rum
210 1084 344 1145 ferorum
371 1103 407 1145 ex
431 1093 514 1146 aceto
542 1085 638 1145 mulso
667 1085 788 1147 bibitur.
825 1086 861 1147 de
925 1086 962 1140 lb·

114 1173 183 1233 nido
207 1171 376 1236 hirundinis
399 1173 516 1257 glebula
538 1173 593 1235 luti
616 1172 708 1236 diluta
731 1193 863 1255 err-aqua

114 1260 209 1322 calida
235 1260 356 1323 bibitur.
397 1269 550 1323 turturum
577 1264 664 1324 fimus
697 1282 733 1324 ex
765 1261 862 1324 mulso
924 1262 962 1317 vl>-

113 1348 260 1427 decoctus¹
284 1351 456 1430 imponitur.
498 1354 636 1412 convenit
663 1352 768 1413 turdos
797 1371 861 1412 esse
925 1350 961 1406 ib·

114 1457 183 1499 oum
215 1438 298 1499 bacis
323 1441 454 1518 myrteis.
496 1457 571 1518 aqua
599 1442 631 1500 iu
659 1459 716 1520 qua
747 1441 862 1502 decocti
925 1439 962 1495 ab·

72 1539 98 1579 15
113 1535 184 1589 sunt
211 1525 304 1607 pedes
332 1546 484 1607 agnorum.
525 1531 642 1608 scorpio
670 1532 804 1594 marinus
831 1532 862 1590 in
890 1533 995 1598 32,102.

113 1619 182 1676 vino
206 1623 330 1678 necatus
352 1619 466 1677 vesicae
486 1618 555 1677 vitia
579 1625 662 1678 sanat
680 1627 710 1679 et
734 1618 862 1679 calculos

112 1704 210 1784 pellit:
243 1706 307 1785 ipse
334 1706 434 1766 autem
462 1705 575 1786 editur,
607 1707 709 1766 vinum
741 1705 861 1768 bibitur.

112 1792 231 1873 lapillus
255 1795 307 1872 qui
335 1795 485 1855 invenitur
508 1796 538 1854 in
563 1796 728 1873 scorpionis
756 1796 863 1855 marini
924 1792 961 1847 ib·

112 1881 207 1945 cauda
221 1882 336 1942 utiliter
350 1889 478 1962 potatur.
505 1884 699 1965 inveniuntur
712 1884 744 1943 in
758 1882 863 1944 bacchi
924 1880 962 1935 ib·

71 1981 100 2022 2⁰
112 1972 206 2050 piscis
225 1972 321 2050 capite
341 1973 425 2049 quasi
448 1970 550 2052 lapilli,
573 1974 636 2051 poti
656 1991 691 2033 ex
711 1989 786 2050 aqua
805 1971 861 2032 cal-

112 2058 225 2120 culosis
262 2058 413 2139 praeclare
447 2059 611 2119 medentur.
663 2059 761 2120 echini
794 2077 863 2120 cum
889 2067 994 2130 uulua.

112 2149 209 2227 spinis
233 2149 297 2208 suis
319 2147 487 2208 tunduntur
509 2154 538 2208 et
562 2147 670 2226 singuli
689 2166 725 2208 ex
743 2146 863 2207 hemina

110 2237 174 2296 viui
201 2233 355 2297 bibuntur.
396 2235 619 2296 difficultatibus
652 2237 755 2296 urinae
784 2236 861 2296 suci·
889 2243 976 2309 uv,51.
1046 2312 1051 2321 .

110 2341 187 2384 num
213 2332 317 2404 potum
345 2323 553 2403 alligatumque
581 2324 713 2405 prodest.
749 2323 861 2402 planta·
889 2333 976 2397 2658.

184 2641 199 2690 1
216 2638 398 2693 conteruntur
412 2636 650 2704 (comminuuntur
662 2639 689 2705 p)
705 2635 856 2691 combusto.
884 2634 990 2690 Earum
1004 2634 1075 2690 cinis
1086 2677 1092 2690 .
1104 2677 1128 2689 ..

107 2708 153 2780 gd
176 2708 256 2776 (corr.
276 2710 341 2777 epo).
415 2707 581 2762 neauculos
598 2707 624 2762 d.
698 2712 714 2760 4
739 2705 845 2762 vessica
862 2721 888 2776 p.
914 2708 919 2775 1
948 2709 997 2762 aut
1014 2707 1129 2778 p(Pl.):

108 2778 159 2834 vel
182 2778 209 2833 d.
239 2778 244 2851 Ι
274 2777 376 2833 autin
402 2777 578 2848 palumbium
605 2776 761 2832 ventriculo
791 2779 874 2847 (quod
897 2778 1005 2848 addida)
1030 2778 1075 2832 Pl.

109 2849 223 2905 efacta
239 2850 288 2919 gd.
344 2854 359 2904 7
379 2849 468 2904 tostas
487 2850 568 2919 (Pl.):
587 2849 707 2904 testatas
727 2850 786 2918 (cic)
804 2865 835 2920 p,
859 2850 948 2904 tostas
967 2849 1017 2904 das
1034 2850 1054 2904 d
1072 2849 1129 2916 (br,

108 2919 277 2976 cossardus
296 2922 331 2990 b).
352 2921 357 2985 Ι
377 2920 484 2975 vessica
506 2936 531 2989 9.
600 2925 632 2974 11
652 2919 764 2990 glebula
786 2919 831 2974 uti
852 2919 949 2975 delusa
971 2919 1076 2987 (deluto
1100 2919 1129 2985 d)

131 2990 298 3061 d(glebula
316 2989 360 3045 uli
378 2990 469 3046 diluta
486 2993 520 3060 r).
552 2993 626 3046 crocle
643 2991 735 3047 Hard.
759 3007 804 3060 ap.
825 2989 870 3045 Pl.
923 2988 1065 3044 laebulum
1088 2986 1129 3041 di-

107 3007 205 3117 futam
222 3063 285 3132 (pro
303 3061 419 3133 gn'llum
436 3062 557 3118 dilutum
570 3064 611 3118 uel
629 3062 753 3117 dirutum
767 3061 855 3129 codd.)
882 3008 923 3127 οἷ
929 3059 1020 3113 Marc.
1026 3073 1057 3126 p.
1070 3062 1129 3142 tto.

147 3138 183 3187 12
204 3132 350 3189 turdorum
367 3134 416 3204 gd.
477 3139 509 3188 13
529 3134 660 3190 decoctus
678 3132 834 3203 imponitur
852 3146 901 3184 om.
917 3131 943 3184 d.
969 3129 1059 3208 losse
1073 3146 1092 3183 a.
1108 3145 1128 3183 e.

108 3203 206 3260 odisse
223 3205 302 3275 (Pu).
376 3210 410 3259 14
428 3203 523 3259 baccis
541 3205 605 3274 (bic)
623 3222 653 3275 p,
677 3204 754 3259 bacis
773 3203 798 3256 d.
872 3205 905 3255 16
924 3213 1031 3254 vessroe
1049 3215 1074 3269 g.

104 3327 269 3456 peduculos
287 3330 314 3384 d.
334 3398 365 3413 ..
389 3334 422 3412 lt}
441 3328 544 3411 marini
561 3344 611 3383 om.
631 3330 656 3383 d.
727 3323 809 3407 itin
826 3320 955 3405 brandeis
974 3297 1086 3390 (bbcass
1102 3325 1137 3387 d,

126 3398 225 3455 mucis
238 3401 264 3469 r)
279 3402 381 3470 oaprtrs
392 3417 478 3470 prscss
491 3400 553 3470 pol(
567 3401 585 3469 ).
637 3404 671 3454 20
684 3394 781 3466 lapilli
791 3409 860 3465 poss
874 3393 940 3462 traci
1072 3403 1160 3454 ψ

105 3471 163 3540 (sic
181 3485 244 3524 oum
262 3471 375 3541 albmd.
451 3477 485 3526 24
503 3469 691 3544 Plantsgines
712 3486 740 3541 p.
