2416 3900
503 210 744 275 -191-

119 383 310 454 merguntur,
341 382 445 452 postea
472 392 547 454 aqua
576 375 640 453 ipsa
667 393 736 435 cnm
758 375 921 454 pigmentis
948 377 1026 437 siout

118 463 217 524 inlusa
245 471 316 523 sunt
347 462 524 540 decoquitur
556 462 592 522 ad
624 465 741 544 tertias,
773 470 803 523 et
834 461 903 523 inde
932 463 1025 525 colata

119 569 260 612 mensura
282 552 347 631 pari
365 569 434 612 cum
455 551 630 631 despumato
647 551 734 612 melle
753 553 909 633 miscetur,
931 552 1024 613 molli-

120 659 178 720 que
202 640 332 720 igniculo
350 657 388 700 ne
408 640 550 702 aduratur
569 639 739 718 hocusque
761 640 913 702 incalescit
930 639 1024 702 donec

92 728 242 790 ssubaota
265 730 297 789 in
319 726 415 790 mellis
439 728 666 790 crassitudinem
689 737 829 791 transeat.

186 928 305 986 xnv1.
336 931 385 986 De
408 943 531 1000 pruno.

1057 1026 1095 1081 D.

186 1048 281 1109 Pruni
299 1066 405 1131 recens
423 1065 544 1128 pomum
562 1055 697 1108 ventrem
716 1049 850 1129 resolvit,
874 1049 1049 1149 stomacho1
1064 1103 1096 1151 17
1097 1103 1114 1150 4

119 1139 304 1198 contrarium
330 1138 491 1217 iudicatur,
523 1136 575 1197 sed
605 1155 692 1197 omnc
721 1136 777 1196 hoc
805 1138 1025 1199 incommodum
1053 1139 1060 1164 '
1116 1138 1123 1150 ‘

120 1226 211 1287 celeri
233 1226 397 1306 digestione
417 1226 527 1286 linitur.
564 1227 643 1285 sicca
661 1242 721 1285 non
739 1231 855 1286 tantum
872 1225 1024 1287 molestiae
1084 1252 1097 1260 ’-

119 1314 271 1394 praebent.
308 1314 496 1393 Dioscorides
520 1315 597 1374 sicea
617 1323 700 1375 cocta
723 1313 821 1374 alvum
842 1317 1025 1394 restringere

78 1417 106 1457 10
119 1405 275 1464 existimat.
316 1403 396 1482 quod
420 1401 548 1463 Galenus
575 1419 635 1463 non
662 1403 801 1463 inmerito
828 1403 935 1464 falsum
958 1422 1024 1464 esse
1044 1395 1107 1451 Gal.
1153 1458 1155 1462 ,

119 1492 281 1552 contendit.
317 1493 384 1570 quis
408 1492 487 1551 enim
514 1493 628 1550 nesciat
654 1508 691 1551 ex
717 1508 803 1571 passo
827 1490 958 1553 discocta
980 1473 1131 1552 velffl’35·

119 1580 216 1640 mulso
230 1580 267 1640 ad
286 1579 464 1640 solutionem
477 1581 589 1640 ventris
609 1578 943 1660 operari‚‘maximeque
956 1599 1025 1662 pro·

120 1669 209 1729 licere
238 1671 264 1729 si
292 1668 448 1729 decoctum
477 1670 576 1747 ipsum
603 1670 652 1729 cui
685 1686 775 1728 sarens
804 1670 951 1731 admixtus
980 1679 1026 1730 est

121 1753 300 1818 sorbeatur?
336 1757 407 1817 lacit
434 1763 540 1817 tamen
561 1763 592 1816 et
618 1757 681 1835 ipse
706 1756 888 1817 differentias
916 1758 1026 1819 diversi

77 1848 238 1926 15generis
265 1847 297 1905 in
323 1846 441 1926 prunis,
470 1853 503 1905 ut
530 1845 644 1924 syriaca
671 1851 787 1904 tantum
814 1851 900 1923 putet
927 1849 1025 1905 minus

182 2077 242 2134 Non
264 2092 318 2132 una
339 2074 487 2148 eademque
502 2075 587 2151 rictus
608 2074 637 2130 ln
656 2073 780 2130 omnibus
801 2076 942 2132 citriorum
965 2091 1026 2149 par·
1044 2079 1101 2148 (71)

120 2161 207 2233 tibus,
229 2163 256 2216 in
272 2161 373 2217 cortice
390 2159 579 2229 thermanticr,
602 2160 630 2215 in
652 2175 732 2216 carne
748 2158 807 2216 alba
822 2159 908 2215 medie
925 2169 1025 2232 ternpe·

119 2255 176 2302 rata
198 2245 359 2316 acrimonia,
388 2244 517 2301 acerrima
543 2245 571 2298 in
594 2243 695 2300 semine
717 2251 745 2300 et
767 2244 894 2317 styptica.
931 2245 1025 2300 cortici

119 2331 253 2386 austerior
275 2337 368 2386 natura
396 2345 523 2385 concessa
550 2335 607 2401 est,
634 2344 704 2402 quae
732 2336 863 2401 qnantum
885 2327 971 2383 valeat
993 2344 1025 2384 ex

78 2425 107 2465 ao
120 2415 181 2488 ipso
212 2413 300 2470 odore
323 2422 450 2470 testatur.
496 2413 601 2470 modice
628 2419 753 2486 sumptus
781 2420 828 2469 aut
854 2413 883 2469 in
913 2412 1025 2485 potione

120 2496 221 2554 calidae
249 2497 351 2554 diutius
374 2500 507 2554 inmersus
534 2495 694 2555 beneficium
717 2504 837 2553 maturae
864 2496 1025 2569 digestionis

121 2590 258 2656 operatur.
295 2599 357 2639 caro
380 2581 438 2639 alba
461 2599 514 2657 qua
535 2583 563 2637 in
584 2582 645 2640 cibo
669 2582 785 2654 utimur,
809 2581 907 2656 llegma
928 2581 1026 2652 nutrit,

122 2666 252 2722 foramina
276 2667 405 2723 interiora
420 2666 521 2724 clandit
540 2674 568 2722 et
589 2666 759 2723 stomachum
782 2667 927 2740 opprimit,
951 2663 1026 2721 tarde

120 2751 247 2824 coquitur
275 2758 303 2806 et
331 2751 530 2825 indigestiones
553 2750 616 2808 iacit
644 2751 798 2806 acrimonia.
837 2766 898 2808 cum
924 2751 1026 2806 semine

80 2847 107 2888 ss
121 2836 185 2891 trita
209 2836 310 2891 morsui
333 2838 427 2893 canino
450 2835 593 2893 succurrit.
631 2835 747 2892 incisum
768 2850 829 2891 cum
852 2833 977 2893 omnibus
999 2837 1027 2890 in

120 2935 150 2975 se
173 2927 280 2975 coctum
295 2922 462 2994 serpentium
482 2934 590 2976 morsus
612 2926 640 2975 ct
655 2935 756 2976 venena
778 2918 925 2994 longorum
941 2927 1026 2975 curat.

192 3138 206 3187 1
226 3134 390 3202 merguntur
406 3133 452 3201 pls
471 3133 585 3202 -ganiur
597 3133 642 3187 rb.
659 3134 663 3200 Ι
678 3133 780 3203 postea
793 3132 837 3201 pl:
855 3130 921 3199 posi
938 3127 983 3182 rb.
1030 3131 1045 3178 2
1064 3128 1131 3180 sunt

119 3217 170 3258 om.
186 3203 400 3271 lladtertias
418 3204 463 3272 pl:
490 3219 542 3258 om.
560 3203 726 3271 rb.linde
743 3200 841 3256 rhein
864 3201 910 3268 (ac.
924 3213 980 3267 pro
997 3199 1037 3265 ῐῐι)
1055 3198 1096 3265 pl.

120 3280 136 3328 3
154 3291 286 3330 mensura
303 3274 365 3343 pari
382 3290 446 3328 cum
463 3275 508 3344 pl:
527 3289 577 3330 orn.
596 3275 641 3328 rb.
658 3276 661 3340 Ι
677 3271 756 3327 melli
773 3272 818 3326 rb.
872 3276 890 3324 4
908 3269 1066 3336 hocusque
1085 3268 1131 3349 pl:

119 3345 264 3416 hucusque
282 3347 327 3400 rb.
353 3348 356 3413 Ι
386 3344 538 3402 incalescat
556 3345 573 3399 l.
646 3341 812 3398 osubacior
840 3342 880 3395 sic
901 3339 1011 3410 pllrb).
1048 3341 1132 3405 capot.

120 3423 154 3472 46
177 3433 228 3472 orn.
253 3417 289 3472 rb
318 3416 440 3485 (pomus
466 3417 524 3484 ipse
546 3415 621 3470 edidi
643 3416 675 3469 in
696 3413 800 3477 Amcd.
818 3422 850 3470 11,
867 3412 942 3480 130).
1024 3413 1058 3461 10
1082 3423 1132 3488 ga·

118 3487 210 3543 lienru
227 3488 266 3558 pl.
323 3494 355 3542 13
374 3486 457 3556 ipsud
475 3502 501 3556 p.
556 3491 591 3540 14
609 3484 755 3541 sorbeatur
771 3499 802 3552 p:
826 3482 954 3537 sorbetur
971 3480 989 3536 l.
1045 3483 1078 3533 15
1098 3495 1134 3530 sr-

120 3575 195 3614 neca
213 3576 238 3628 p.
1049 3572 1054 3599 ι
