2416 3900
515 225 736 299 -132

118 410 155 450 ex
178 391 246 448 virm
270 396 300 453 et
323 387 387 467 oleo
412 387 535 466 cyprino
555 395 585 447 et
608 385 707 447 cedria
729 389 864 466 pruritus

118 477 308 555 scabiemque
327 476 443 536 tollunt.
480 477 648 555 porrigines
662 475 864 536 discutiuntur
893 487 995 548 29,111.

118 565 185 626 lelle
209 565 296 625 ovillo
323 565 406 625 inlito
431 583 498 624 cum
526 571 607 624 oreta
630 563 746 624 cimolia
769 563 864 624 donec

118 657 273 714 inarescat.
310 653 412 713 lendes
436 661 466 713 et
493 653 548 712 alia
576 655 680 732 capitis
702 660 781 713 tetra
803 654 863 712 ani·
891 664 978 726 arpa.
1072 698 1073 702 ,

91 742 205 802 amalia
231 760 306 820 quae
335 749 444 801 nocent
475 740 585 801 lotione
614 759 706 819 aquae
733 744 863 800 marinae
980 791 984 798 .

119 837 272 890 necantur.
309 832 380 889 ilem
395 832 420 889 si
438 828 579 889 inlinatur
593 832 683 889 samia
701 837 782 889 terra
796 847 864 889 cum
892 840 996 902 31,117.

118 921 198 978 nitro
222 926 252 978 et
275 917 348 978 oleo.
385 920 497 978 nitrum
526 917 647 977 alumini
670 920 794 978 mixtum
817 936 863 978 oa·
892 929 996 990 alpia.

118 1009 173 1084 piti
196 1007 349 1066 inlriotum
372 1008 539 1084 porrigines
562 1006 646 1065 tollii.

185 1206 247 1261 m.
270 1204 452 1261 Ulceribus
474 1204 510 1259 in
533 1206 644 1273 eapite
667 1205 895 1261 manantibus.

185 1321 290 1382 Ulcera
326 1326 359 1382 in
396 1325 490 1402 capite
527 1325 675 1383 manantia
714 1328 864 1400 tamquam

78 1426 105 1464 ro
119 1413 240 1489 proprio
258 1410 363 1470 morbo
383 1412 543 1490 praecipue
557 1410 720 1471 infantibus
738 1429 863 1471 nascun-

118 1508 182 1580 tur,
205 1499 257 1558 sed
281 1507 311 1559 et
330 1501 408 1558 viros
428 1507 458 1559 et
477 1498 616 1559 mulieres
638 1517 706 1558 crim
730 1501 864 1583 ceperint

118 1589 246 1665 graviter
278 1588 427 1647 infestant.
474 1605 549 1665 quae
581 1588 641 1647 lota
669 1589 754 1647 urina
784 1589 863 1646 tauri
891 1599 995 1662 natea.

118 1675 321 1735 efficacissime
352 1683 501 1735 sanantur.
546 1675 668 1735 vitulino
698 1675 764 1734 lelle
795 1686 863 1735 crim
925 1679 962 1733 eb.

119 1771 203 1822 aceto
240 1765 387 1843 tepefacto
425 1763 600 1823 inlinuntur.
645 1781 747 1823 sevum
779 1763 864 1823 vituli
891 1775 995 1837 caree.

79 1865 104 1903 1⁵
119 1869 187 1911 curn
202 1851 261 1910 sale
276 1851 466 1911 utilissimum
476 1858 530 1911 cst.
561 1859 706 1911 testarum
716 1854 864 1911 muricum
891 1863 977 1926 32,68.

118 1957 354 2018 purpurarumve
383 1942 482 1999 cinere
512 1958 548 1999 ex
575 1939 661 1998 melle
688 1934 863 1999 inlinuntur.

119 2026 208 2086 alium
236 2046 304 2088 oum
332 2046 384 2087 sua
407 2034 486 2087 reste
515 2026 700 2087 comburitur
727 2029 863 2105 cinisque
891 2038 977 2100 20,51.

120 2118 184 2174 eius
217 2134 253 2175 ex
286 2115 351 2174 oleo
383 2117 555 2195 imponitur.
601 2122 699 2175 menta
731 2118 801 2175 trita
834 2122 864 2174 et
891 2127 995 2187 20,148.

119 2206 253 2282 apposita
281 2205 379 2264 siccat.
423 2204 521 2263 oleum
550 2203 765 2281 amygdalinum
796 2221 864 2262 curn
891 2213 978 2274 23,85.

76 2304 105 2343 20
119 2293 186 2350 vino
206 2299 358 2370 expurgat.
395 2291 550 2370 galbanum
569 2290 704 2350 inlinitur
719 2309 754 2350 ex
769 2288 863 2348 melle.
891 2301 977 2360 2431.

119 2378 186 2437 lolia
210 2378 279 2439 rubi
306 2381 335 2438 in
360 2397 419 2456 quo
442 2398 523 2438 mora
551 2385 716 2439 nascuntur¹
738 2379 864 2437 contrita
891 2389 995 2451 24,118.

191 2565 462 2620 1vinoetom.d.
492 2570 495 2632 l
530 2565 624 2620 cedrio
651 2566 731 2634 (rM,
756 2565 825 2633 Pil:
858 2565 940 2620 cedro
958 2568 1020 2636 pdb
1045 2567 1130 2635 (elixa

118 2637 183 2690 adu.
202 2636 236 2704 b).
318 2642 334 2689 2
353 2635 508 2706 porrigines
529 2639 614 2706 prbm
634 2637 717 2706 (Pl.):
740 2635 895 2705 prurigines
919 2638 958 2691 db
982 2638 1049 2706 (M).

115 2708 243 2761 3creta:
261 2708 337 2761 terre
356 2708 401 2762 br.
482 2708 655 2764 4inurescat
676 2722 712 2762 cc.
737 2709 820 2774 eaput
839 2707 907 2775 (Pl.)
934 2709 937 2774 l
967 2708 1062 2763 lendes
1076 2710 1129 2763 db:

117 2775 233 2832 lindites
250 2793 281 2846 p,
299 2776 413 2831 liniides
432 2779 477 2834 br.
503 2782 506 2847 l
532 2795 557 2834 o.
576 2782 651 2834 tetra
670 2775 804 2831 animalis
822 2776 922 2845 capitis
940 2779 966 2833 ol.
1040 2778 1130 2833 cilli-

117 2847 213 2901 nictur
230 2848 250 2901 d
267 2847 404 2915 (illinctur
422 2849 456 2915 b).
516 2856 532 2904 8
550 2849 694 2904 infricium
711 2848 763 2916 pb:
781 2847 943 2902 infricatum
961 2850 987 2904 d.
1013 2852 1017 2917 l
1042 2851 1130 2918 porri-

116 2917 197 2986 gines
219 2934 257 2986 pr
289 2919 371 2987 (Pila
417 2919 554 2989 rurigines
581 2919 696 2988 (ΗΜ).
786 2919 829 2972 tit.
852 2918 893 2972 De
911 2920 1050 2976 ulceribus
1068 2921 1086 2974 i.
1106 2937 1129 2974 o.

116 2988 298 3043 manantibus
314 3006 345 3058 9,
364 2989 389 3041 A
422 2990 517 3045 ulcera
534 2992 552 3044 i.
573 3008 595 3047 c.
614 2988 758 3045 monentia
776 2990 802 3045 ol.
860 2994 892 3042 10
906 2991 1019 3060 proprio
1032 2991 1129 3045 morbo

115 3059 170 3128 qd:
198 3058 327 3128 proprius
349 3059 462 3114 morbus
484 3062 590 3130 rb(M)
625 3064 628 3128 Ι
662 3060 692 3114 in
714 3059 869 3114 infantibus
893 3061 909 3115 b
938 3062 1040 3129 (eolus).

119 3135 151 3184 11
172 3145 237 3182 eum
255 3130 310 3198 pei:
339 3129 363 3183 si
381 3131 425 3185 rb.
452 3134 456 3199 Ι
482 3132 606 3202 ceperint
624 3134 677 3200 (d):
707 3130 849 3199 coeperint
870 3133 937 3199 prb.
1019 3129 1130 3185 refota

115 3200 198 3253 urina
215 3198 292 3254 tauri
308 3201 487 3271 pdbm(Pl.):
516 3202 582 3258 felle
604 3200 715 3257 taurino
734 3202 770 3255 rb
785 3201 853 3269 (M).
946 3207 979 3254 14
992 3205 1057 3268 pout
1074 3200 1129 3255 illi-

116 3269 233 3325 niuntur
247 3271 307 3340 (sic)
325 3287 358 3325 cc
372 3288 394 3328 ο.
406 3278 419 3324 1
442 3273 508 3327 leoco
525 3275 624 3342 repetit
636 3274 667 3327 d:
686 3272 758 3325 Item
772 3269 929 3339 prurigines
942 3269 1130 3327 discutiuntur

115 3339 183 3395 felle
202 3340 290 3396 ovillo
308 3340 383 3396 illito
402 3359 464 3396 oum
484 3345 560 3398 oreta
578 3343 690 3398 cimolia
708 3340 796 3395 donec
820 3339 967 3395 inarescat.
1039 3348 1073 3396 16
1091 3362 1128 3400 m.

114 3410 162 3466 vel
184 3426 374 3480 purpurarum
391 3414 451 3467 rM
476 3413 657 3481 (muricumve
680 3424 866 3480 purpurarum
884 3410 920 3476 b).
999 3420 1031 3467 17
1055 3417 1129 3468 reste

112 3482 250 3551 odwin
269 3483 349 3536 vesta
366 3483 480 3551 rom).
545 3489 578 3538 18
597 3481 718 3537 contrite
735 3480 780 3535 rb.
835 3484 870 3533 20
889 3482 993 3539 ovino
1011 3484 1131 3538 mixtum

115 3552 220 3621 rbffl,
239 3567 296 3606 nou
316 3551 404 3622 Plio.)
430 3555 434 3622 l
459 3570 505 3607 cx:
530 3569 592 3607 cum
610 3553 646 3607 rb
657 3551 733 3621 (Pl).
810 3554 843 3602 21
863 3552 995 3607 noscitur
1013 3555 1045 3604 u.
