<?xml version="1.0" encoding="UTF-8"?>
<!DOCTYPE html PUBLIC "-//W3C//DTD XHTML 1.0 Transitional//EN"
    "http://www.w3.org/TR/xhtml1/DTD/xhtml1-transitional.dtd">
<html xmlns="http://www.w3.org/1999/xhtml" xml:lang="en" lang="en">
 <head>
  <title>
</title>
<meta http-equiv="Content-Type" content="text/html;charset=utf-8" />
  <meta name='ocr-system' content='tesseract 3.04.00' />
  <meta name='ocr-capabilities' content='ocr_page ocr_carea ocr_par ocr_line ocrx_word'/>
</head>
<body>
  <div class='ocr_page' id='page_1' title='image "./pliniisecundiqu02plingoog_0092.png"; bbox 0 0 2416 3900; ppageno 0'>
   <div class='ocr_carea' id='block_1_1' title="bbox 78 109 1106 542">
    <p class='ocr_par' dir='ltr' id='par_1_1' title="bbox 78 109 1106 542">
     <span class='ocr_line' id='line_1_1' title="bbox 106 109 990 186; baseline 0.002 -14"><span class='ocrx_word' id='word_1_1' title='bbox 106 111 223 173; x_wconf 90' lang='lat' dir='ltr'>marini.</span> <span class='ocrx_word' id='word_1_2' title='bbox 260 125 368 170; x_wconf 85' lang='lat' dir='ltr'>erucae</span> <span class='ocrx_word' id='word_1_3' title='bbox 392 126 493 169; x_wconf 89' lang='lat' dir='ltr'>semen</span> <span class='ocrx_word' id='word_1_4' title='bbox 517 127 585 170; x_wconf 89' lang='lat' dir='ltr'>cum</span> <span class='ocrx_word' id='word_1_5' title='bbox 613 110 680 170; x_wconf 85' lang='lat' dir='ltr'>felle</span> <span class='ocrx_word' id='word_1_6' title='bbox 704 109 857 172; x_wconf 87' lang='lat' dir='ltr'>bubulino.</span> <span class='ocrx_word' id='word_1_7' title='bbox 886 125 990 186; x_wconf 63' lang='lat' dir='ltr'>ronan</span> 
     </span>
     <span class='ocr_line' id='line_1_2' title="bbox 105 200 1106 280; baseline 0.003 -19"><span class='ocrx_word' id='word_1_8' title='bbox 105 200 202 278; x_wconf 91' lang='lat' dir='ltr'>lupini</span> <span class='ocrx_word' id='word_1_9' title='bbox 231 215 268 258; x_wconf 84' lang='lat' dir='ltr'>ex</span> <span class='ocrx_word' id='word_1_10' title='bbox 296 204 380 258; x_wconf 89' lang='lat' dir='ltr'>aceto</span> <span class='ocrx_word' id='word_1_11' title='bbox 408 200 493 259; x_wconf 91' lang='lat' dir='ltr'>cocti.</span> <span class='ocrx_word' id='word_1_12' title='bbox 530 216 633 260; x_wconf 79' lang='lat' dir='ltr'>sevxxm</span> <span class='ocrx_word' id='word_1_13' title='bbox 660 201 735 260; x_wconf 87' lang='lat' dir='ltr'>asini</span> <span class='ocrx_word' id='word_1_14' title='bbox 764 202 856 280; x_wconf 91' lang='lat' dir='ltr'>impo-</span> <span class='ocrx_word' id='word_1_15' title='bbox 885 212 990 274; x_wconf 64' lang='lat' dir='ltr'>ramo.</span> <span class='ocrx_word' id='word_1_16' title='bbox 1010 214 1106 278; x_wconf 79' lang='lat'>28,245</span> 
     </span>
     <span class='ocr_line' id='line_1_3' title="bbox 107 284 1033 367; baseline 0 -18"><span class='ocrx_word' id='word_1_17' title='bbox 107 291 207 349; x_wconf 85' lang='lat' dir='ltr'>situm.</span> <span class='ocrx_word' id='word_1_18' title='bbox 245 285 285 347; x_wconf 85' lang='lat' dir='ltr'>fel</span> <span class='ocrx_word' id='word_1_19' title='bbox 301 284 395 346; x_wconf 85' lang='lat' dir='ltr'>&#39;vituli</span> <span class='ocrx_word' id='word_1_20' title='bbox 423 285 537 347; x_wconf 90' lang='lat' dir='ltr'>adiecta</span> <span class='ocrx_word' id='word_1_21' title='bbox 559 306 659 367; x_wconf 82' lang='lat' dir='ltr'>myrra</span> <span class='ocrx_word' id='word_1_22' title='bbox 681 295 712 349; x_wconf 91' lang='lat' dir='ltr'>et</span> <span class='ocrx_word' id='word_1_23' title='bbox 739 288 804 349; x_wconf 89' lang='lat' dir='ltr'>oleo</span> <span class='ocrx_word' id='word_1_24' title='bbox 828 297 858 350; x_wconf 90' lang='lat' dir='ltr'>et</span> <span class='ocrx_word' id='word_1_25' title='bbox 886 294 969 362; x_wconf 72' lang='lat'>(187).</span> <span class='ocrx_word' id='word_1_26' title='bbox 997 295 1033 349; x_wconf 80' lang='lat' dir='ltr'>to.</span> 
     </span>
     <span class='ocr_line' id='line_1_4' title="bbox 106 376 940 460; baseline 0 -22"><span class='ocrx_word' id='word_1_27' title='bbox 106 395 198 438; x_wconf 90' lang='lat' dir='ltr'>croco</span> <span class='ocrx_word' id='word_1_28' title='bbox 226 382 379 436; x_wconf 82' lang='lat' dir='ltr'>extenuat:</span> <span class='ocrx_word' id='word_1_29' title='bbox 410 383 547 437; x_wconf 87' lang='lat' dir='ltr'>servatur</span> <span class='ocrx_word' id='word_1_30' title='bbox 572 378 605 436; x_wconf 92' lang='lat' dir='ltr'>in</span> <span class='ocrx_word' id='word_1_31' title='bbox 627 376 733 456; x_wconf 79' lang='lat' dir='ltr'>pyxide</span> <span class='ocrx_word' id='word_1_32' title='bbox 762 397 857 460; x_wconf 80' lang='lat' dir='ltr'>aerea,</span> <span class='ocrx_word' id='word_1_33' title='bbox 938 456 940 460; x_wconf 85' lang='lat'>.</span> 
     </span>
     <span class='ocr_line' id='line_1_5' title="bbox 78 465 477 542; baseline 0.008 -20"><span class='ocrx_word' id='word_1_34' title='bbox 78 465 284 528; x_wconf 82' lang='lat' dir='ltr'>acalelactnm</span> <span class='ocrx_word' id='word_1_35' title='bbox 306 466 477 542; x_wconf 78' lang='lat' dir='ltr'><strong>imponitur.</strong></span> 
     </span>
    </p>
   </div>
   <div class='ocr_carea' id='block_1_2' title="bbox 172 665 653 733">
    <p class='ocr_par' dir='ltr' id='par_1_2' title="bbox 172 665 653 733">
     <span class='ocr_line' id='line_1_6' title="bbox 172 665 653 733; baseline 0 -11"><span class='ocrx_word' id='word_1_36' title='bbox 172 666 269 722; x_wconf 76' lang='lat' dir='ltr'>xm„</span> <span class='ocrx_word' id='word_1_37' title='bbox 295 665 349 719; x_wconf 79' lang='lat' dir='ltr'>Ad</span> <span class='ocrx_word' id='word_1_38' title='bbox 371 665 498 733; x_wconf 77' lang='lat' dir='ltr'>frigore</span> <span class='ocrx_word' id='word_1_39' title='bbox 522 668 653 722; x_wconf 79' lang='lat' dir='ltr'>exusta.</span> 
     </span>
    </p>
   </div>
   <div class='ocr_carea' id='block_1_3' title="bbox 70 783 1125 1574">
    <p class='ocr_par' dir='ltr' id='par_1_3' title="bbox 70 783 1125 1574">
     <span class='ocr_line' id='line_1_7' title="bbox 174 783 856 865; baseline 0.004 -21"><span class='ocrx_word' id='word_1_40' title='bbox 174 784 250 846; x_wconf 87' lang='lat' dir='ltr'>lluri</span> <span class='ocrx_word' id='word_1_41' title='bbox 259 802 315 864; x_wconf 93' lang='lat' dir='ltr'>per</span> <span class='ocrx_word' id='word_1_42' title='bbox 324 785 420 845; x_wconf 84' lang='lat' dir='ltr'>nivem</span> <span class='ocrx_word' id='word_1_43' title='bbox 432 783 556 851; x_wconf 84' lang='lat' dir='ltr'>farinam</span> <span class='ocrx_word' id='word_1_44' title='bbox 566 787 743 865; x_wconf 81' lang='lat' dir='ltr'>opopanacis</span> <span class='ocrx_word' id='word_1_45' title='bbox 753 785 856 847; x_wconf 88' lang='lat' dir='ltr'>bibere</span> 
     </span>
     <span class='ocr_line' id='line_1_8' title="bbox 107 873 989 952; baseline 0.003 -18"><span class='ocrx_word' id='word_1_46' title='bbox 107 873 219 936; x_wconf 79' lang='lat' dir='ltr'>debent</span> <span class='ocrx_word' id='word_1_47' title='bbox 233 891 326 952; x_wconf 85' lang='lat' dir='ltr'>eaque</span> <span class='ocrx_word' id='word_1_48' title='bbox 335 874 497 952; x_wconf 85' lang='lat' dir='ltr'>perungui:</span> <span class='ocrx_word' id='word_1_49' title='bbox 511 875 570 934; x_wconf 89' lang='lat' dir='ltr'>vim</span> <span class='ocrx_word' id='word_1_50' title='bbox 580 876 660 934; x_wconf 86' lang='lat' dir='ltr'>enirn</span> <span class='ocrx_word' id='word_1_51' title='bbox 673 874 762 936; x_wconf 88' lang='lat' dir='ltr'>hahet</span> <span class='ocrx_word' id='word_1_52' title='bbox 776 877 856 936; x_wconf 89' lang='lat' dir='ltr'>miri·</span> <span class='ocrx_word' id='word_1_53' title='bbox 884 888 989 950; x_wconf 69' lang='lat' dir='ltr'>aaut.</span> 
     </span>
     <span class='ocr_line' id='line_1_9' title="bbox 107 960 989 1045; baseline 0.002 -21"><span class='ocrx_word' id='word_1_54' title='bbox 107 964 163 1025; x_wconf 89' lang='lat' dir='ltr'>lice</span> <span class='ocrx_word' id='word_1_55' title='bbox 191 960 437 1024; x_wconf 78' lang='lat' dir='ltr'><strong>excalfactoriam.</strong></span> <span class='ocrx_word' id='word_1_56' title='bbox 479 961 504 1021; x_wconf 93' lang='lat' dir='ltr'>si</span> <span class='ocrx_word' id='word_1_57' title='bbox 536 962 611 1022; x_wconf 90' lang='lat' dir='ltr'>lacta</span> <span class='ocrx_word' id='word_1_58' title='bbox 640 965 699 1023; x_wconf 85' lang='lat' dir='ltr'>sint</span> <span class='ocrx_word' id='word_1_59' title='bbox 726 964 856 1045; x_wconf 80' lang='lat' dir='ltr'>vtxlnera,</span> <span class='ocrx_word' id='word_1_60' title='bbox 884 976 989 1040; x_wconf 63' lang='lat' dir='ltr'>ralia.</span> 
     </span>
     <span class='ocr_line' id='line_1_10' title="bbox 107 1050 962 1117; baseline 0.004 -4"><span class='ocrx_word' id='word_1_61' title='bbox 107 1052 293 1113; x_wconf 82' lang='lat' dir='ltr'>frumentum</span> <span class='ocrx_word' id='word_1_62' title='bbox 320 1057 433 1111; x_wconf 88' lang='lat' dir='ltr'>tostum</span> <span class='ocrx_word' id='word_1_63' title='bbox 459 1051 490 1110; x_wconf 91' lang='lat' dir='ltr'>in</span> <span class='ocrx_word' id='word_1_64' title='bbox 518 1050 599 1111; x_wconf 89' lang='lat' dir='ltr'>lcrro</span> <span class='ocrx_word' id='word_1_65' title='bbox 628 1059 657 1111; x_wconf 87' lang='lat' dir='ltr'>et</span> <span class='ocrx_word' id='word_1_66' title='bbox 688 1053 792 1113; x_wconf 88' lang='lat' dir='ltr'>tritum</span> <span class='ocrx_word' id='word_1_67' title='bbox 821 1071 856 1113; x_wconf 90' lang='lat' dir='ltr'>cx</span> <span class='ocrx_word' id='word_1_68' title='bbox 961 1113 962 1117; x_wconf 75' lang='grc'>,</span> 
     </span>
     <span class='ocr_line' id='line_1_11' title="bbox 70 1138 989 1220; baseline 0.009 -25"><span class='ocrx_word' id='word_1_69' title='bbox 70 1156 95 1196; x_wconf 86' lang='grc' dir='ltr'>ιο</span> <span class='ocrx_word' id='word_1_70' title='bbox 108 1143 175 1202; x_wconf 88' lang='lat' dir='ltr'>vino</span> <span class='ocrx_word' id='word_1_71' title='bbox 198 1145 413 1220; x_wconf 89' lang='lat' dir='ltr'>praesentaneo</span> <span class='ocrx_word' id='word_1_72' title='bbox 437 1138 569 1199; x_wconf 89' lang='lat' dir='ltr'>remedio</span> <span class='ocrx_word' id='word_1_73' title='bbox 588 1148 642 1200; x_wconf 87' lang='lat' dir='ltr'>est.</span> <span class='ocrx_word' id='word_1_74' title='bbox 679 1148 764 1202; x_wconf 84' lang='lat' dir='ltr'>rutae</span> <span class='ocrx_word' id='word_1_75' title='bbox 788 1141 857 1201; x_wconf 88' lang='lat' dir='ltr'>lolia</span> <span class='ocrx_word' id='word_1_76' title='bbox 883 1155 989 1217; x_wconf 69' lang='lat' dir='ltr'>rollo.</span> 
     </span>
     <span class='ocr_line' id='line_1_12' title="bbox 106 1228 1105 1311; baseline -0.003 -21"><span class='ocrx_word' id='word_1_77' title='bbox 106 1233 138 1290; x_wconf 91' lang='lat' dir='ltr'>in</span> <span class='ocrx_word' id='word_1_78' title='bbox 174 1229 241 1290; x_wconf 89' lang='lat' dir='ltr'>oleo</span> <span class='ocrx_word' id='word_1_79' title='bbox 274 1235 356 1288; x_wconf 88' lang='lat' dir='ltr'>cocta</span> <span class='ocrx_word' id='word_1_80' title='bbox 393 1230 595 1307; x_wconf 88' lang='lat' dir='ltr'>imponuntur.</span> <span class='ocrx_word' id='word_1_81' title='bbox 641 1228 768 1309; x_wconf 81' lang='lat' dir='ltr'>leporini</span> <span class='ocrx_word' id='word_1_82' title='bbox 802 1229 856 1311; x_wconf 92' lang='lat' dir='ltr'>pili</span> <span class='ocrx_word' id='word_1_83' title='bbox 883 1239 979 1302; x_wconf 61' lang='lat' dir='ltr'>ream</span> <span class='ocrx_word' id='word_1_84' title='bbox 999 1234 1060 1302; x_wconf 87' lang='lat' dir='ltr'>(om.</span> <span class='ocrx_word' id='word_1_85' title='bbox 1079 1236 1105 1302; x_wconf 85' lang='lat' dir='ltr'>r)</span> 
     </span>
     <span class='ocr_line' id='line_1_13' title="bbox 108 1315 1052 1397; baseline -0.002 -19"><span class='ocrx_word' id='word_1_86' title='bbox 108 1319 192 1378; x_wconf 86' lang='lat' dir='ltr'>cinis.</span> <span class='ocrx_word' id='word_1_87' title='bbox 218 1316 320 1397; x_wconf 90' lang='lat' dir='ltr'>pulmo</span> <span class='ocrx_word' id='word_1_88' title='bbox 335 1316 444 1396; x_wconf 88' lang='lat' dir='ltr'>leporis</span> <span class='ocrx_word' id='word_1_89' title='bbox 459 1315 639 1395; x_wconf 83' lang='lat' dir='ltr'><strong>adalligatur.</strong></span> <span class='ocrx_word' id='word_1_90' title='bbox 667 1318 855 1380; x_wconf 78' lang='lat' dir='ltr'>aristolochia</span> <span class='ocrx_word' id='word_1_91' title='bbox 882 1322 918 1376; x_wconf 79' lang='lat' dir='ltr'>id.</span> <span class='ocrx_word' id='word_1_92' title='bbox 947 1323 1008 1392; x_wconf 83' lang='lat' dir='ltr'>(om.</span> <span class='ocrx_word' id='word_1_93' title='bbox 1027 1324 1052 1392; x_wconf 83' lang='lat' dir='ltr'>r)</span> 
     </span>
     <span class='ocr_line' id='line_1_14' title="bbox 108 1404 1125 1487; baseline -0.001 -21"><span class='ocrx_word' id='word_1_94' title='bbox 108 1425 144 1466; x_wconf 88' lang='lat' dir='ltr'>ex</span> <span class='ocrx_word' id='word_1_95' title='bbox 171 1405 237 1466; x_wconf 88' lang='lat' dir='ltr'>oleo</span> <span class='ocrx_word' id='word_1_96' title='bbox 266 1405 481 1466; x_wconf 71' lang='lat' dir='ltr'>calefactoriam</span> <span class='ocrx_word' id='word_1_97' title='bbox 504 1407 563 1464; x_wconf 87' lang='lat' dir='ltr'>vim</span> <span class='ocrx_word' id='word_1_98' title='bbox 590 1404 687 1467; x_wconf 87' lang='lat' dir='ltr'>habet.</span> <span class='ocrx_word' id='word_1_99' title='bbox 728 1410 854 1487; x_wconf 84' lang='lat' dir='ltr'>axungia</span> <span class='ocrx_word' id='word_1_100' title='bbox 881 1411 1125 1481; x_wconf 77' lang='lat' dir='ltr'>26,117(ef.25‚98)</span> 
     </span>
     <span class='ocr_line' id='line_1_15' title="bbox 107 1496 1109 1574; baseline 0 -20"><span class='ocrx_word' id='word_1_101' title='bbox 107 1496 239 1574; x_wconf 91' lang='lat' dir='ltr'>porcina.</span> <span class='ocrx_word' id='word_1_102' title='bbox 881 1505 977 1568; x_wconf 65' lang='lat' dir='ltr'>ranae</span> <span class='ocrx_word' id='word_1_103' title='bbox 992 1501 1052 1568; x_wconf 87' lang='lat' dir='ltr'>(om.</span> <span class='ocrx_word' id='word_1_104' title='bbox 1062 1501 1109 1568; x_wconf 81' lang='lat' dir='ltr'>rt)</span> 
     </span>
    </p>
   </div>
   <div class='ocr_carea' id='block_1_4' title="bbox 174 1693 881 1840">
    <p class='ocr_par' dir='ltr' id='par_1_4' title="bbox 174 1693 881 1840">
     <span class='ocr_line' id='line_1_16' title="bbox 174 1693 881 1766; baseline 0.001 -15"><span class='ocrx_word' id='word_1_105' title='bbox 174 1695 288 1751; x_wconf 85' lang='lat' dir='ltr'>XIIII.</span> <span class='ocrx_word' id='word_1_106' title='bbox 302 1693 530 1750; x_wconf 75' lang='lat' dir='ltr'>Extrchendia</span> <span class='ocrx_word' id='word_1_107' title='bbox 544 1693 573 1750; x_wconf 81' lang='lat' dir='ltr'>is</span> <span class='ocrx_word' id='word_1_108' title='bbox 587 1709 675 1765; x_wconf 83' lang='lat' dir='ltr'>quoe</span> <span class='ocrx_word' id='word_1_109' title='bbox 689 1694 726 1751; x_wconf 87' lang='lat' dir='ltr'>in</span> <span class='ocrx_word' id='word_1_110' title='bbox 740 1707 881 1766; x_wconf 86' lang='lat' dir='ltr'>corpore</span> 
     </span>
     <span class='ocr_line' id='line_1_17' title="bbox 299 1783 796 1840; baseline -0.004 0"><span class='ocrx_word' id='word_1_111' title='bbox 299 1783 369 1840; x_wconf 76' lang='lat' dir='ltr'>lixo</span> <span class='ocrx_word' id='word_1_112' title='bbox 390 1786 483 1839; x_wconf 79' lang='lat' dir='ltr'>eunt.</span> <span class='ocrx_word' id='word_1_113' title='bbox 792 1807 796 1820; x_wconf 87' lang='lat'>·</span> 
     </span>
    </p>
   </div>
   <div class='ocr_carea' id='block_1_5' title="bbox 69 1901 1104 2337">
    <p class='ocr_par' dir='ltr' id='par_1_5' title="bbox 69 1901 1104 2337">
     <span class='ocr_line' id='line_1_18' title="bbox 69 1901 1054 1981; baseline 0.004 -24"><span class='ocrx_word' id='word_1_114' title='bbox 69 1918 93 1957; x_wconf 82' lang='lat'>15</span> <span class='ocrx_word' id='word_1_115' title='bbox 175 1901 242 1962; x_wconf 83' lang='lat' dir='ltr'><strong>llus</strong></span> <span class='ocrx_word' id='word_1_116' title='bbox 265 1903 348 1963; x_wconf 81' lang='lat' dir='ltr'>virus</span> <span class='ocrx_word' id='word_1_117' title='bbox 372 1901 540 1981; x_wconf 90' lang='lat' dir='ltr'>discerptus</span> <span class='ocrx_word' id='word_1_118' title='bbox 563 1904 734 1981; x_wconf 87' lang='lat' dir='ltr'>imponitur.</span> <span class='ocrx_word' id='word_1_119' title='bbox 764 1902 855 1963; x_wconf 91' lang='lat' dir='ltr'>lacer·</span> <span class='ocrx_word' id='word_1_120' title='bbox 884 1912 989 1974; x_wconf 62' lang='lat' dir='ltr'>adpre</span> <span class='ocrx_word' id='word_1_121' title='bbox 1017 1908 1054 1961; x_wconf 77' lang='lat' dir='ltr'>ib.</span> 
     </span>
     <span class='ocr_line' id='line_1_19' title="bbox 107 1989 855 2070; baseline -0.003 -18"><span class='ocrx_word' id='word_1_122' title='bbox 107 1998 156 2052; x_wconf 87' lang='lat' dir='ltr'>tae</span> <span class='ocrx_word' id='word_1_123' title='bbox 185 1998 275 2070; x_wconf 91' lang='lat' dir='ltr'>capnt</span> <span class='ocrx_word' id='word_1_124' title='bbox 302 2009 482 2051; x_wconf 87' lang='lat' dir='ltr'>concussum</span> <span class='ocrx_word' id='word_1_125' title='bbox 509 1998 539 2050; x_wconf 87' lang='lat' dir='ltr'>et</span> <span class='ocrx_word' id='word_1_126' title='bbox 567 2008 634 2051; x_wconf 92' lang='lat' dir='ltr'>cum</span> <span class='ocrx_word' id='word_1_127' title='bbox 659 1989 718 2050; x_wconf 92' lang='lat' dir='ltr'>sale</span> <span class='ocrx_word' id='word_1_128' title='bbox 746 1998 855 2051; x_wconf 90' lang='lat' dir='ltr'>tusum.</span> 
     </span>
     <span class='ocr_line' id='line_1_20' title="bbox 107 2078 993 2160; baseline -0.008 -20"><span class='ocrx_word' id='word_1_129' title='bbox 107 2078 219 2160; x_wconf 79' lang='lat' dir='ltr'>lacerta</span> <span class='ocrx_word' id='word_1_130' title='bbox 250 2080 315 2139; x_wconf 84' lang='lat' dir='ltr'>viva</span> <span class='ocrx_word' id='word_1_131' title='bbox 346 2079 503 2159; x_wconf 88' lang='lat' dir='ltr'>discerpta.</span> <span class='ocrx_word' id='word_1_132' title='bbox 550 2078 666 2140; x_wconf 89' lang='lat' dir='ltr'>cocleae</span> <span class='ocrx_word' id='word_1_133' title='bbox 703 2085 855 2158; x_wconf 85' lang='lat' dir='ltr'>exemptae</span> <span class='ocrx_word' id='word_1_134' title='bbox 883 2082 919 2135; x_wconf 83' lang='lat' dir='ltr'>id.</span> <span class='ocrx_word' id='word_1_135' title='bbox 956 2081 993 2135; x_wconf 82' lang='lat' dir='ltr'>ib.</span> 
     </span>
     <span class='ocr_line' id='line_1_21' title="bbox 108 2167 854 2247; baseline 0.003 -18"><span class='ocrx_word' id='word_1_136' title='bbox 108 2167 145 2230; x_wconf 90' lang='lat' dir='ltr'>de</span> <span class='ocrx_word' id='word_1_137' title='bbox 165 2169 251 2229; x_wconf 84' lang='lat' dir='ltr'>testis</span> <span class='ocrx_word' id='word_1_138' title='bbox 271 2170 333 2229; x_wconf 90' lang='lat' dir='ltr'>suis</span> <span class='ocrx_word' id='word_1_139' title='bbox 356 2176 387 2229; x_wconf 88' lang='lat' dir='ltr'>et</span> <span class='ocrx_word' id='word_1_140' title='bbox 409 2169 554 2229; x_wconf 87' lang='lat' dir='ltr'>contritae</span> <span class='ocrx_word' id='word_1_141' title='bbox 578 2186 647 2229; x_wconf 89' lang='lat' dir='ltr'>cum</span> <span class='ocrx_word' id='word_1_142' title='bbox 669 2167 779 2247; x_wconf 90' lang='lat' dir='ltr'>leporis</span> <span class='ocrx_word' id='word_1_143' title='bbox 807 2186 854 2231; x_wconf 88' lang='lat' dir='ltr'>co·</span> 
     </span>
     <span class='ocr_line' id='line_1_22' title="bbox 107 2254 1104 2337; baseline -0.002 -20"><span class='ocrx_word' id='word_1_144' title='bbox 107 2256 204 2337; x_wconf 74' lang='lat' dir='ltr'>agnlo.</span> <span class='ocrx_word' id='word_1_145' title='bbox 242 2263 387 2319; x_wconf 86' lang='lat' dir='ltr'>testarum</span> <span class='ocrx_word' id='word_1_146' title='bbox 406 2259 504 2337; x_wconf 88' lang='lat' dir='ltr'>sepiae</span> <span class='ocrx_word' id='word_1_147' title='bbox 520 2258 602 2317; x_wconf 92' lang='lat' dir='ltr'>cinis.</span> <span class='ocrx_word' id='word_1_148' title='bbox 636 2254 726 2317; x_wconf 89' lang='lat' dir='ltr'>alium</span> <span class='ocrx_word' id='word_1_149' title='bbox 745 2256 855 2317; x_wconf 89' lang='lat' dir='ltr'>elixum</span> <span class='ocrx_word' id='word_1_150' title='bbox 883 2267 987 2317; x_wconf 61' lang='lat'>32125.</span> <span class='ocrx_word' id='word_1_151' title='bbox 1016 2265 1104 2330; x_wconf 61' lang='lat' dir='ltr'>nott.</span> 
     </span>
    </p>
   </div>
   <div class='ocr_carea' id='block_1_6' title="bbox 102 2443 1123 3367">
    <p class='ocr_par' dir='ltr' id='par_1_6' title="bbox 102 2437 1123 3367">
     <span class='ocr_line' id='line_1_23' title="bbox 181 2443 1122 2515; baseline -0.001 -16"><span class='ocrx_word' id='word_1_152' title='bbox 181 2451 195 2499; x_wconf 93' lang='lat'>1</span> <span class='ocrx_word' id='word_1_153' title='bbox 215 2443 351 2500; x_wconf 83' lang='lat' dir='ltr'>bubulino</span> <span class='ocrx_word' id='word_1_154' title='bbox 373 2462 403 2515; x_wconf 78' lang='lat'>9.</span> <span class='ocrx_word' id='word_1_155' title='bbox 427 2444 526 2499; x_wconf 89' lang='lat' dir='ltr'>bubuli</span> <span class='ocrx_word' id='word_1_156' title='bbox 544 2447 575 2515; x_wconf 83' lang='lat' dir='ltr'>d,</span> <span class='ocrx_word' id='word_1_157' title='bbox 599 2445 638 2500; x_wconf 91' lang='lat' dir='ltr'>-lo</span> <span class='ocrx_word' id='word_1_158' title='bbox 660 2445 705 2500; x_wconf 82' lang='lat' dir='ltr'>rb.</span> <span class='ocrx_word' id='word_1_159' title='bbox 760 2452 861 2500; x_wconf 72' lang='lat' dir='ltr'>isevo</span> <span class='ocrx_word' id='word_1_160' title='bbox 886 2449 980 2513; x_wconf 80' lang='lat' dir='ltr'>(saevo</span> <span class='ocrx_word' id='word_1_161' title='bbox 998 2444 1122 2515; x_wconf 72' lang='lat' dir='ltr'>pl—im·</span> 
     </span>
     <span class='ocr_line' id='line_1_24' title="bbox 106 2514 1122 2589; baseline -0.003 -17"><span class='ocrx_word' id='word_1_162' title='bbox 106 2516 202 2586; x_wconf 79' lang='lat' dir='ltr'>posito</span> <span class='ocrx_word' id='word_1_163' title='bbox 219 2516 269 2585; x_wconf 72' lang='lat' dir='ltr'>pd.</span> <span class='ocrx_word' id='word_1_164' title='bbox 312 2522 328 2571; x_wconf 84' lang='lat'><strong>3</strong></span> <span class='ocrx_word' id='word_1_165' title='bbox 346 2514 430 2571; x_wconf 84' lang='lat' dir='ltr'>vituli</span> <span class='ocrx_word' id='word_1_166' title='bbox 447 2517 505 2585; x_wconf 78' lang='lat' dir='ltr'>pri</span> <span class='ocrx_word' id='word_1_167' title='bbox 520 2516 602 2586; x_wconf 81' lang='lat' dir='ltr'>(Pl.):</span> <span class='ocrx_word' id='word_1_168' title='bbox 620 2515 702 2570; x_wconf 88' lang='lat' dir='ltr'>milui</span> <span class='ocrx_word' id='word_1_169' title='bbox 715 2515 742 2570; x_wconf 88' lang='lat' dir='ltr'>d.</span> <span class='ocrx_word' id='word_1_170' title='bbox 788 2522 805 2570; x_wconf 83' lang='lat'>4</span> <span class='ocrx_word' id='word_1_171' title='bbox 823 2514 926 2585; x_wconf 85' lang='lat' dir='ltr'>puxide</span> <span class='ocrx_word' id='word_1_172' title='bbox 938 2531 969 2589; x_wconf 72' lang='lat'>9,</span> <span class='ocrx_word' id='word_1_173' title='bbox 987 2515 1083 2586; x_wconf 85' lang='lat' dir='ltr'>pixide</span> <span class='ocrx_word' id='word_1_174' title='bbox 1095 2516 1122 2571; x_wconf 88' lang='lat' dir='ltr'>d.</span> 
     </span>
     <span class='ocr_line' id='line_1_25' title="bbox 143 2585 1123 2657; baseline 0 -17"><span class='ocrx_word' id='word_1_175' title='bbox 143 2588 186 2641; x_wconf 81' lang='lat' dir='ltr'>tit.</span> <span class='ocrx_word' id='word_1_176' title='bbox 205 2585 313 2657; x_wconf 78' lang='lat' dir='ltr'>frigora</span> <span class='ocrx_word' id='word_1_177' title='bbox 329 2598 365 2656; x_wconf 72' lang='grc'>9.·</span> <span class='ocrx_word' id='word_1_178' title='bbox 419 2593 435 2642; x_wconf 85' lang='grc'><strong>6</strong></span> <span class='ocrx_word' id='word_1_179' title='bbox 454 2585 616 2657; x_wconf 84' lang='lat' dir='ltr'>opopanicis</span> <span class='ocrx_word' id='word_1_180' title='bbox 634 2603 659 2656; x_wconf 80' lang='lat'>9.</span> <span class='ocrx_word' id='word_1_181' title='bbox 720 2592 735 2642; x_wconf 87' lang='lat'><em>8</em></span> <span class='ocrx_word' id='word_1_182' title='bbox 755 2586 930 2655; x_wconf 84' lang='lat' dir='ltr'>excal(-cala-</span> <span class='ocrx_word' id='word_1_183' title='bbox 945 2586 1123 2657; x_wconf 75' lang='lat' dir='ltr'>dllaotoriam</span> 
     </span>
     <span class='ocr_line' id='line_1_26' title="bbox 106 2656 1122 2782; baseline -0.001 -69"><span class='ocrx_word' id='word_1_184' title='bbox 106 2659 150 2728; x_wconf 75' lang='lat' dir='ltr'>qd</span> <span class='ocrx_word' id='word_1_185' title='bbox 161 2657 246 2728; x_wconf 84' lang='lat' dir='ltr'>(Pl.):</span> <span class='ocrx_word' id='word_1_186' title='bbox 265 2656 473 2713; x_wconf 84' lang='lat' dir='ltr'>calefactoriam</span> <span class='ocrx_word' id='word_1_187' title='bbox 491 2658 536 2713; x_wconf 86' lang='lat' dir='ltr'>rt.</span> <span class='ocrx_word' id='word_1_188' title='bbox 582 2663 616 2712; x_wconf 90' lang='lat'>10</span> <span class='ocrx_word' id='word_1_189' title='bbox 634 2660 838 2728; x_wconf 77' lang='lat' dir='ltr'>praesentaneo</span> <span class='ocrx_word' id='word_1_190' title='bbox 852 2657 1008 2715; x_wconf 85' lang='lat' dir='ltr'>remedium</span> <span class='ocrx_word' id='word_1_191' title='bbox 1022 2659 1082 2728; x_wconf 82' lang='lat' dir='ltr'>(ric)</span> <span class='ocrx_word' id='word_1_192' title='bbox 1093 2673 1122 2782; x_wconf 65' lang='lat' dir='ltr'>g,</span> 
     </span>
     <span class='ocr_line' id='line_1_27' title="bbox 105 2728 1122 2800; baseline -0.001 -17"><span class='ocrx_word' id='word_1_193' title='bbox 105 2729 322 2800; x_wconf 73' lang='lat' dir='ltr'>preaentrneum</span> <span class='ocrx_word' id='word_1_194' title='bbox 335 2728 490 2785; x_wconf 88' lang='lat' dir='ltr'>remedium</span> <span class='ocrx_word' id='word_1_195' title='bbox 503 2729 529 2785; x_wconf 86' lang='lat' dir='ltr'>d.</span> <span class='ocrx_word' id='word_1_196' title='bbox 573 2734 604 2783; x_wconf 91' lang='lat'>11</span> <span class='ocrx_word' id='word_1_197' title='bbox 623 2728 676 2799; x_wconf 89' lang='lat' dir='ltr'>pili</span> <span class='ocrx_word' id='word_1_198' title='bbox 687 2730 746 2800; x_wconf 74' lang='lat' dir='ltr'>prb</span> <span class='ocrx_word' id='word_1_199' title='bbox 760 2730 841 2800; x_wconf 79' lang='lat' dir='ltr'>(Pl.)=</span> <span class='ocrx_word' id='word_1_200' title='bbox 860 2730 944 2800; x_wconf 85' lang='lat' dir='ltr'>pallia</span> <span class='ocrx_word' id='word_1_201' title='bbox 958 2730 985 2785; x_wconf 86' lang='lat' dir='ltr'>d.</span> <span class='ocrx_word' id='word_1_202' title='bbox 1023 2735 1056 2782; x_wconf 75' lang='lat'>12</span> <span class='ocrx_word' id='word_1_203' title='bbox 1075 2745 1092 2782; x_wconf 91' lang='lat' dir='ltr'>a</span> <span class='ocrx_word' id='word_1_204' title='bbox 1112 2759 1122 2766; x_wconf 96' lang='lat'>-</span> 
     </span>
     <span class='ocr_line' id='line_1_28' title="bbox 106 2798 1122 2873; baseline -0.003 -19"><span class='ocrx_word' id='word_1_205' title='bbox 106 2798 256 2873; x_wconf 72' lang='lat' dir='ltr'>alligatur:</span> <span class='ocrx_word' id='word_1_206' title='bbox 274 2800 315 2854; x_wconf 74' lang='lat' dir='ltr'>eir</span> <span class='ocrx_word' id='word_1_207' title='bbox 331 2801 380 2870; x_wconf 75' lang='lat' dir='ltr'>pd.</span> <span class='ocrx_word' id='word_1_208' title='bbox 406 2802 410 2868; x_wconf 88' lang='grc' dir='ltr'>Ι</span> <span class='ocrx_word' id='word_1_209' title='bbox 434 2799 632 2855; x_wconf 79' lang='lat' dir='ltr'>Aristolocium</span> <span class='ocrx_word' id='word_1_210' title='bbox 649 2817 680 2870; x_wconf 77' lang='lat'>9,</span> <span class='ocrx_word' id='word_1_211' title='bbox 698 2800 811 2857; x_wconf 84' lang='lat' dir='ltr'>-latium</span> <span class='ocrx_word' id='word_1_212' title='bbox 824 2802 850 2856; x_wconf 86' lang='lat' dir='ltr'>d.</span> <span class='ocrx_word' id='word_1_213' title='bbox 908 2807 940 2855; x_wconf 89' lang='lat'>13</span> <span class='ocrx_word' id='word_1_214' title='bbox 960 2799 1018 2854; x_wconf 84' lang='lat' dir='ltr'>vim</span> <span class='ocrx_word' id='word_1_215' title='bbox 1032 2815 1081 2853; x_wconf 87' lang='lat' dir='ltr'>om.</span> <span class='ocrx_word' id='word_1_216' title='bbox 1095 2813 1122 2866; x_wconf 78' lang='lat'>9.</span> 
     </span>
     <span class='ocr_line' id='line_1_29' title="bbox 104 2869 1123 3013; baseline -0.004 -17"><span class='ocrx_word' id='word_1_217' title='bbox 104 2869 1050 3013; x_wconf 44' lang='lat' dir='ltr'>dalmaticatitdidtnlyt&#39;lntndatll</span> <span class='ocrx_word' id='word_1_218' title='bbox 1063 2884 1123 2993; x_wconf 71' lang='lat' dir='ltr'>tl</span> 
     </span>
     <span class='ocr_line' id='line_1_30' title="bbox 104 3008 1123 3083; baseline -0.005 -15"><span class='ocrx_word' id='word_1_219' title='bbox 104 3010 254 3068; x_wconf 66' lang='lat' dir='ltr'>amendia</span> <span class='ocrx_word' id='word_1_220' title='bbox 275 3011 321 3069; x_wconf 80' lang='lat' dir='ltr'>hio</span> <span class='ocrx_word' id='word_1_221' title='bbox 344 3031 398 3083; x_wconf 87' lang='lat' dir='ltr'>que</span> <span class='ocrx_word' id='word_1_222' title='bbox 421 3012 505 3068; x_wconf 82' lang='lat' dir='ltr'>affixa</span> <span class='ocrx_word' id='word_1_223' title='bbox 528 3017 600 3070; x_wconf 86' lang='lat' dir='ltr'>aunt.</span> <span class='ocrx_word' id='word_1_224' title='bbox 636 3014 745 3070; x_wconf 77' lang='lat' dir='ltr'>Deinde</span> <span class='ocrx_word' id='word_1_225' title='bbox 767 3015 808 3067; x_wconf 81' lang='lat' dir='ltr'>tit.</span> <span class='ocrx_word' id='word_1_226' title='bbox 826 3028 857 3081; x_wconf 75' lang='lat'>9:</span> <span class='ocrx_word' id='word_1_227' title='bbox 885 3009 930 3064; x_wconf 87' lang='lat' dir='ltr'>Ad</span> <span class='ocrx_word' id='word_1_228' title='bbox 953 3008 1123 3064; x_wconf 82' lang='lat' dir='ltr'>extrahenda</span> 
     </span>
     <span class='ocr_line' id='line_1_31' title="bbox 104 3080 1122 3158; baseline -0.005 -19"><span class='ocrx_word' id='word_1_229' title='bbox 104 3085 163 3149; x_wconf 74' lang='lat' dir='ltr'>&lt;eo</span> <span class='ocrx_word' id='word_1_230' title='bbox 185 3083 250 3139; x_wconf 77' lang='lat' dir='ltr'>add.</span> <span class='ocrx_word' id='word_1_231' title='bbox 269 3083 350 3155; x_wconf 76' lang='lat' dir='ltr'>iad.)</span> <span class='ocrx_word' id='word_1_232' title='bbox 377 3101 432 3158; x_wconf 73' lang='lat' dir='ltr'>qap</span> <span class='ocrx_word' id='word_1_233' title='bbox 455 3083 484 3139; x_wconf 89' lang='lat' dir='ltr'>in</span> <span class='ocrx_word' id='word_1_234' title='bbox 508 3100 623 3156; x_wconf 88' lang='lat' dir='ltr'>corpore</span> <span class='ocrx_word' id='word_1_235' title='bbox 644 3085 701 3139; x_wconf 82' lang='lat' dir='ltr'>fixa</span> <span class='ocrx_word' id='word_1_236' title='bbox 727 3080 848 3152; x_wconf 86' lang='lat' dir='ltr'>(corpori</span> <span class='ocrx_word' id='word_1_237' title='bbox 869 3080 955 3135; x_wconf 85' lang='lat' dir='ltr'>infixa</span> <span class='ocrx_word' id='word_1_238' title='bbox 972 3081 1020 3150; x_wconf 84' lang='lat' dir='ltr'>rb)</span> <span class='ocrx_word' id='word_1_239' title='bbox 1048 3081 1122 3135; x_wconf 86' lang='lat' dir='ltr'>aunt.</span> 
     </span>
     <span class='ocr_line' id='line_1_32' title="bbox 103 3152 1117 3225; baseline -0.005 -14"><span class='ocrx_word' id='word_1_240' title='bbox 103 3158 132 3211; x_wconf 74' lang='lat' dir='ltr'>ot</span> <span class='ocrx_word' id='word_1_241' title='bbox 144 3155 223 3210; x_wconf 58' lang='lat' dir='ltr'>tica</span> <span class='ocrx_word' id='word_1_242' title='bbox 241 3153 286 3208; x_wconf 80' lang='lat' dir='ltr'>Ad</span> <span class='ocrx_word' id='word_1_243' title='bbox 299 3155 471 3215; x_wconf 80' lang='lat' dir='ltr'>extrahenda</span> <span class='ocrx_word' id='word_1_244' title='bbox 483 3156 550 3213; x_wconf 70' lang='lat' dir='ltr'>tela</span> <span class='ocrx_word' id='word_1_245' title='bbox 578 3156 647 3211; x_wconf 80' lang='lat' dir='ltr'>dnos</span> <span class='ocrx_word' id='word_1_246' title='bbox 664 3155 751 3225; x_wconf 74' lang='lat' dir='ltr'>iyitnr</span> <span class='ocrx_word' id='word_1_247' title='bbox 768 3154 812 3208; x_wconf 84' lang='lat' dir='ltr'>ln&#39;c</span> <span class='ocrx_word' id='word_1_248' title='bbox 824 3152 919 3206; x_wconf 71' lang='lat' dir='ltr'>titulos</span> <span class='ocrx_word' id='word_1_249' title='bbox 932 3152 1117 3222; x_wconf 64' lang='lat' dir='ltr'>deprehendis,</span> 
     </span>
     <span class='ocr_line' id='line_1_33' title="bbox 104 3223 1122 3295; baseline -0.002 -14"><span class='ocrx_word' id='word_1_250' title='bbox 104 3226 256 3295; x_wconf 67' lang='lat' dir='ltr'>mianum</span> <span class='ocrx_word' id='word_1_251' title='bbox 278 3241 339 3281; x_wconf 76' lang='lat' dir='ltr'>cum</span> <span class='ocrx_word' id='word_1_252' title='bbox 361 3231 437 3281; x_wconf 78' lang='lat' dir='ltr'>tectu</span> <span class='ocrx_word' id='word_1_253' title='bbox 460 3228 604 3293; x_wconf 78' lang='lat' dir='ltr'>confusum</span> <span class='ocrx_word' id='word_1_254' title='bbox 626 3228 877 3292; x_wconf 68' lang='lat' dir='ltr'>concordiamque,</span> <span class='ocrx_word' id='word_1_255' title='bbox 900 3223 1016 3278; x_wconf 77' lang='lat' dir='ltr'>alterum</span> <span class='ocrx_word' id='word_1_256' title='bbox 1032 3240 1122 3280; x_wconf 80' lang='lat' dir='ltr'>recen·</span> 
     </span>
     <span class='ocr_line' id='line_1_34' title="bbox 102 3293 1122 3367; baseline -0.002 -15"><span class='ocrx_word' id='word_1_257' title='bbox 102 3297 210 3352; x_wconf 74' lang='lat' dir='ltr'>liorem,</span> <span class='ocrx_word' id='word_1_258' title='bbox 249 3302 284 3351; x_wconf 85' lang='grc'>16</span> <span class='ocrx_word' id='word_1_259' title='bbox 298 3313 461 3352; x_wconf 81' lang='lat' dir='ltr'>concussum</span> <span class='ocrx_word' id='word_1_260' title='bbox 475 3298 528 3366; x_wconf 61' lang='grc' dir='ltr'>φάε</span> <span class='ocrx_word' id='word_1_261' title='bbox 543 3295 683 3351; x_wconf 83' lang='lat' dir='ltr'>concisum</span> <span class='ocrx_word' id='word_1_262' title='bbox 697 3294 745 3363; x_wconf 84' lang='lat' dir='ltr'>rb,</span> <span class='ocrx_word' id='word_1_263' title='bbox 760 3309 811 3348; x_wconf 83' lang='lat' dir='ltr'>om.</span> <span class='ocrx_word' id='word_1_264' title='bbox 828 3293 872 3347; x_wconf 85' lang='lat' dir='ltr'>Pl.</span> <span class='ocrx_word' id='word_1_265' title='bbox 911 3299 944 3349; x_wconf 86' lang='lat'>18</span> <span class='ocrx_word' id='word_1_266' title='bbox 959 3294 1082 3367; x_wconf 76' lang='lat' dir='ltr'>quagnlo</span> <span class='ocrx_word' id='word_1_267' title='bbox 1097 3311 1122 3359; x_wconf 72' lang='lat' dir='ltr'>ss·</span> 
     </span>
    </p>
   </div>
   <div class='ocr_carea' id='block_1_7' title="bbox 0 0 1212 3900">
    <p class='ocr_par' dir='ltr' id='par_1_7' title="bbox 0 0 1212 3900">
     <span class='ocr_line' id='line_1_35' title="bbox 0 0 1212 3900; baseline 0 1"><span class='ocrx_word' id='word_1_268' title='bbox 0 0 1212 3900; x_wconf 95' lang='lat' dir='ltr'> </span> 
     </span>
    </p>
   </div>
  </div>
 </body>
</html>
