2416 3900
519 112 739 228 ..741-

118 327 208 389 buius
230 327 363 406 potionis
385 326 452 386 talis
475 343 541 386 esse
566 325 654 388 debet
677 335 710 388 ut
734 336 868 390 sumatur

119 435 135 477 a
157 418 269 478 ieiunis
294 416 346 494 qui
367 412 443 475 bene
467 416 660 475 concoxerim
683 425 713 477 et
735 435 790 496 per
813 437 867 478 nu-

118 523 236 566 merum
251 503 369 565 dierum
383 505 465 584 anni,
489 502 603 564 adiecto
618 522 678 564 uno
697 505 744 565 die
764 507 790 566 si
804 505 868 566 dies

119 595 290 655 continuari
304 610 363 652 non
381 592 535 671 potuerint
552 600 677 672 propter
690 594 867 656 cruditatem

90 689 170 744 ⁵aut
200 682 376 761 languorem
403 679 589 760 aliquamque
618 699 749 764 causam,
782 690 866 762 quot-

100 778 191 851 -quct
208 770 374 832 intermissi
392 769 505 830 fuerint
524 769 648 830 totidem
661 774 867 832 restituantur.

115 861 248 940 potionis
276 876 346 918 vero
373 875 514 918 mensura
538 860 596 918 erit
622 865 656 918 ut
684 859 798 921 denarii
820 879 865 920 ar-

116 948 218 1027 gentei
248 946 367 1026 pondus
402 944 522 1006 bibatur
552 964 588 1006 ex
624 946 721 1007 tribus
754 949 865 1028 cyathis

116 1054 210 1115 aquae
235 1034 327 1095 semel
350 1036 381 1094 in
405 1033 461 1095 die.

75 1133 103 1174 1⁰
183 1123 279 1184 Radix
306 1125 474 1184 cucumeris
498 1125 618 1183 erratici
645 1142 681 1183 ex
704 1133 788 1184 aceto
816 1143 864 1185 co·
892 1132 954 1195 auc
974 1129 1034 1195 (cru
1048 1132 1074 1198 r)

117 1213 221 1290 quitur
248 1219 279 1272 et
302 1213 476 1290 imponitur.
522 1213 674 1289 mitigatur
706 1215 731 1271 si
763 1230 866 1279 secum
893 1220 989 1283 28220
1008 1218 1069 1285 (om.
1087 1221 1113 1287 r)

115 1299 222 1360 habeat
245 1302 271 1359 is
295 1300 347 1378 qui
369 1298 524 1360 curabitur
542 1299 648 1378 pedem
670 1299 781 1378 leporis
800 1303 864 1360 vivo

118 1387 270 1448 abscisum

182 1475 315 1536 Peractis
342 1475 527 1554 singulorum
555 1472 757 1537 membrorum
780 1477 865 1538 malis

73 1574 101 1615 1⁶
115 1571 146 1636 et
172 1583 278 1625 eorum
305 1563 459 1645 remediis,
486 1581 562 1644 quae
589 1566 740 1643 inproviso
768 1565 865 1626 solent

115 1652 251 1714 accidere
281 1670 493 1732 percurremus
521 1670 556 1712 eo
585 1653 689 1714 ordine
717 1672 777 1732 quo
804 1673 863 1714 una

114 1759 251 1820 quaeque
270 1759 319 1801 res
343 1743 535 1803 succurrerit.
572 1742 749 1819 incipiemus
771 1744 864 1820 igitur

115 1847 133 1888 a
155 1848 188 1890 re
210 1829 359 1909 podagrae
382 1832 525 1908 proxima.
824 1831 827 1840 '

274 2039 403 2113 Liber
439 2041 614 2113 tertius,

180 2187 208 2244 Ι.
240 2188 294 2244 Ad
321 2202 445 2243 nervos
476 2191 511 2243 et
537 2186 711 2243 articulos.

180 2305 396 2384 Amphishaena
415 2314 531 2366 mortua
554 2322 714 2365 nervorum
737 2304 859 2363 offensis
887 2312 992 2376 30,110.

70 2407 100 2448 ec
113 2393 258 2471 alligatur.
295 2394 384 2473 adeps
407 2394 576 2455 vulturinus
599 2412 668 2454 cnm
690 2392 757 2453 felle
782 2393 859 2452 eius·
923 2394 959 2447 ib.

184 2566 249 2618 let
267 2563 396 2633 perdice
415 2567 444 2618 ct
466 2581 516 2633 per
534 2582 609 2618 num.
628 2563 695 2617 dier.
719 2568 766 2617 etc.
785 2563 812 2617 d.
884 2560 1043 2632 lpoterinl
1060 2562 1087 2616 d.

113 2639 129 2687 5
157 2634 337 2703 aliquamque
364 2636 416 2705 pb:
451 2634 592 2703 aliamque
620 2635 646 2688 d.
750 2639 765 2686 7
794 2632 902 2688 denarii
927 2633 1024 2704 pdrb:
1061 2632 1127 2687 scri-

111 2703 173 2828 puli
193 2705 236 2759 M.
262 2707 267 2771 t
292 2705 402 2774 argenti
426 2706 453 2760 d.
517 2711 551 2760 10
572 2703 697 2758 erratici:
722 2703 857 2758 silvestris
879 2703 925 2758 Pl.
994 2709 1027 2758 12
1048 2721 1125 2759 curu-

130 2773 188 2829 ibur
206 2791 236 2845 9:
255 2778 372 2830 vexatur
390 2776 409 2830 d
428 2775 585 2845 (vexabitur
603 2775 638 2843 b).
660 2777 665 2843 1
689 2773 754 2829 vivo
772 2775 851 2844 p(b)=
870 2773 927 2830 vivi
945 2775 965 2830 d
984 2775 1030 2843 (cf.
1046 2777 1124 2830 Ptin.

111 2845 220 2900 viventi
237 2845 345 2901 absciso
365 2845 446 2914 Vm,
465 2845 585 2901 viventis
599 2844 695 2915 ulti).
748 2845 955 2902 reinuidis·
973 2848 1125 2902 clausulam

111 2930 162 2969 om.
177 2934 193 2970 r
210 2917 310 2982 (medio
323 2917 355 2971 iu
368 2922 445 2971 tectu
457 2915 584 2985 tebeth).
634 2921 667 2970 15
686 2915 830 2986 inproviso
848 2918 926 2988 p(b):
949 2917 1125 2987 inprovised.

148 2992 181 3041 16
195 3003 389 3057 percurremus
403 3003 462 3057 epo:
476 2986 662 3057 percurrimus
674 2988 726 3057 pb,
745 3004 795 3043 cm.
811 2990 836 3044 d.
876 2994 909 3043 18
918 2992 984 3056 post
996 2985 1126 3056 proxime

110 3056 176 3111 baec
195 3061 239 3126 (ac
257 3060 445 3126 svpemoribus
463 3059 588 3128 repetita)
606 3060 700 3114 subdit
716 3059 794 3128 9(b):
813 3059 904 3113 urtica
921 3057 990 3111 trita
1004 3073 1068 3108 cum
1081 3072 1125 3110 co·

70 3179 79 3190 ,
111 3124 271 3182 lumborum
290 3130 349 3197 (cic)
373 3129 507 3199 sanguine
531 3129 689 3199 apponitur.
720 3130 818 3184 deiude
840 3130 909 3196 (uuo
926 3130 1035 3180 tanturn
1053 3126 1126 3180 lineo

112 3201 212 3269 uacua)
226 3199 291 3265 ficit
299 3200 422 3269 popina,
432 3215 499 3269 pap.
513 3215 592 3255 verse
604 3200 746 3269 Incipiunt
760 3200 820 3253 eal).
830 3196 897 3252 libri
905 3216 952 3261 111,
964 3211 1022 3250 ucri
1034 3197 1125 3250 eadem

111 3269 221 3337 quidem
245 3286 331 3324 muno
354 3271 426 3341 (licet
447 3272 555 3340 coaeva)
582 3272 699 3338 compta,
722 3286 778 3337 quc
794 3273 906 3350 ntcrquc
926 3269 1017 3320 tutos
1035 3266 1071 3334 (et
1088 3282 1125 3321 se·

113 3357 199 3412 uendi
217 3358 284 3413 ltere·
296 3363 322 3412 et
339 3359 432 3427 tertio.
467 3358 534 3412 Post
552 3360 676 3428 capitulo
688 3356 765 3426 Incip
782 3355 824 3409 hb
841 3353 947 3408 tertius.
976 3354 1012 3409 ud
1025 3370 1125 3410 nervos

113 3428 143 3480 et
165 3427 299 3483 orbiculos
325 3431 378 3497 (sic
401 3430 482 3483 dium
505 3430 541 3496 d).
615 3435 647 3482 19
667 3425 820 3479 Amfisbere
842 3441 871 3493 p,
899 3422 1125 3496 Amphisberod

113 3496 212 3565 (bena
229 3502 264 3569 r).
324 3505 359 3555 20
376 3499 444 3555 felle
462 3498 511 3568 (sic
528 3498 610 3553 ctiam
629 3497 722 3552 Marc.
738 3511 769 3567 p.
785 3498 866 3567 ‘lilia
880 3497 986 3552 uentus
1000 3497 1143 3550 ueteri.
