2416 3900
500 195 742 260 —199-

110 361 203 445 lenit,
221 361 248 420 si
265 361 297 419 in
311 361 379 420 vino
393 365 493 419 vetere
513 359 600 419 detur
620 361 653 418 in
671 357 834 420 sorbitione
849 358 1023 420 resolutum.

115 447 206 510 simili
219 447 306 509 modo
320 447 423 525 datum
441 447 592 508 fastidium
605 446 751 508 stomachi
763 449 927 508 nausiantis
941 465 1022 507 aver·

114 540 153 599 tit
170 544 201 598 et
220 539 243 598 e'
255 537 331 597 facie
349 535 521 597 foeditatem
542 535 664 615 palloris
682 534 820 597 excludit
842 527 922 597 ‘'cum
940 533 1026 597 mero'

113 627 256 687 haustum
284 625 413 686 calculos
440 627 528 685 etiam
556 624 665 703 quihus
692 626 807 685 vesicae
835 624 944 686 canalis
971 623 1023 686 oh-

86 717 246 776 sstruitur
268 716 299 775 in
322 713 450 795 harenae
473 713 624 793 pulverem
648 712 744 775 solvit.
789 726 793 733 “

182 880 274 937 ΗΠ.
306 881 356 939 De
378 879 576 949 amygdalo.

183 998 376 1078 hmygdalum
389 1016 509 1079 recens
527 1004 562 1058 ut
575 997 676 1058 multis
689 997 821 1078 videtur,
835 998 1021 1058 stomachum
1057 990 1102 1044 ΡΙ

117 1093 230 1148 onerat.
267 1085 456 1147 Dioscorides
482 1089 572 1147 etiam
599 1086 741 1166 prodesse
769 1086 921 1148 stomacho
944 1085 1022 1147 arbi·
1034 1065 1123 1130 ²³⁷⁵·

116 1183 228 1256 tratur,
250 1177 277 1236 si
298 1192 368 1236 oum
389 1175 521 1235 folliculo
545 1193 599 1236 suo
622 1175 747 1236 nucleus
765 1174 938 1236 dev0retur
975 1194 1021 1237 oa·
1035 1149 1113 1290 1‚1D76

115 1272 171 1343 put
193 1270 379 1344 praegravat,
407 1263 562 1345 caliginem
583 1265 693 1343 nutrit,
716 1252 913 1343 cupiditatem
936 1282 1023 1324 vene·
1115 1263 1122 1275 '

75 1367 103 1407 ro
117 1355 179 1413 riae
207 1352 365 1431 voluptatis
393 1351 536 1413 accendit.
576 1353 655 1412 sicca
682 1354 770 1412 etiam
799 1361 901 1413 contra
930 1350 1025 1413 ebrie·

117 1448 209 1502 tatem
221 1441 332 1522 valent,
352 1443 378 1501 si
396 1448 463 1501 ante
478 1443 580 1501 vinum
592 1443 729 1520 ·quinque
749 1449 912 1502 sumantur.
945 1443 1025 1501 sitim

116 1534 154 1591 el
172 1529 219 1590 his
237 1529 413 1590 inflammari
430 1529 481 1589 illo
499 1536 674 1609 argumento
692 1529 818 1590 docetur
836 1529 915 1609 quod
928 1530 1025 1610 vulpis

116 1636 186 1680 oum
214 1617 362 1699 amygdala
396 1617 580 1679 devoraverit
605 1636 662 1679 neo
690 1636 795 1697 aquam
827 1621 858 1680 in
889 1621 1032 1699 proximo-

115 1705 254 1768 habuerit
276 1708 399 1767 interire
419 1706 562 1768 creditur.
599 1725 737 1768 somnum
760 1708 885 1789 iaciunt,
908 1709 1025 1768 urinam

76 1808 103 1849 1⁶
116 1803 250 1876 movent,
277 1796 455 1856 feminarum
482 1797 561 1856 iusta
588 1797 792 1875 praecipitant.
830 1814 898 1856 cum
927 1795 1025 1857 amulo

114 2006 247 2068 incidunt.
284 2007 373 2064 dulcia
400 2003 543 2063 stomacho
571 2011 723 2080 contraria,
753 2009 834 2065 citius
857 2017 947 2065 tamen
976 2025 1025 2082 per

113 2093 243 2149 intestina
266 2091 363 2149 fluunt.
403 2093 505 2167 gummi
532 2092 592 2151 eius
615 2110 663 2149 ore
690 2091 831 2149 detentum
855 2099 883 2149 et
904 2093 1024 2166 glutien-

115 2176 180 2233 dum
194 2179 307 2234 arterias
329 2176 410 2248 lenit,
432 2178 640 2233 vetustissimam
657 2185 761 2234 tussem
775 2177 932 2250 conpescit,
964 2193 1025 2234 cum
1138 2229 1141 2234 .

115 2277 191 2319 mero
214 2270 310 2336 potum
333 2260 452 2318 calculos
474 2262 501 2317 in
524 2263 611 2318 vesica
633 2261 745 2336 frangit.

182 2413 232 2464 De
250 2413 376 2465 tubere.

178 2503 271 2561 'luber
284 2507 416 2563 virtutem
440 2506 522 2563 hahet
541 2507 695 2580 stypticam.
724 2522 805 2580 poma
826 2509 885 2581 ipsa
907 2514 1025 2562 comesta
1044 2505 1102 2574 (82)

115 2589 285 2647 stomachum
314 2591 482 2646 nausiantem
509 2597 538 2646 et
564 2589 665 2648 fluxum
688 2593 791 2648 ventris
820 2591 1024 2665 constringunt.

117 2673 221 2731 utiliter
243 2673 342 2745 dautur
363 2676 523 2750 sanguinem
545 2673 730 2732 reicientibus.

188 2894 248 2949 lsi
266 2911 329 2950 eum
348 2913 376 2950 v.
394 2896 421 2950 d
442 2893 561 2962 [veteri
577 2894 730 2964 9ιιΙιΙ(νΙ)).
786 2894 1034 2964 3foeditetemu,
1062 2895 1133 2950 fedi-

114 2965 205 3020 tatem
222 2966 287 3035 pld.
304 2966 388 3037 lcum
406 2965 529 3021 merch
548 2966 586 3020 ad
607 2966 746 3035 sequentia
763 2967 885 3036 pertinet
907 2968 966 3035 (sec.
986 2938 1075 3035 ualq)
1093 2968 1133 3022 od

111 3037 214 3102 priora
231 3052 282 3094 sec.
300 3037 378 3093 codd.
423 3036 569 3092 tvosieee
588 3036 694 3092 canalis
706 3053 737 3107 p:
756 3038 849 3111 verice
864 3037 1019 3106 conchen,
1037 3036 1133 3092 vesica

115 3105 218 3177 oomlie
240 3108 277 3163 td.
303 3108 520 3176 lobruit.urld
580 3109 622 3164 nt
641 3109 683 3162 De
702 3109 916 3191 amygdalupe
981 3108 1132 3165 insero

115 3170 203 3233 eum
221 3179 268 3234 rh.
284 3180 288 3247 Ι
308 3179 452 3234 stomacho
472 3178 603 3248 prodesse
617 3181 662 3233 rh.
708 3184 724 3232 8
744 3196 788 3233 sm
779 3177 924 3233 nucleil.
942 3179 946 3247 Ι
966 3178 1031 3232 hmo
1044 3181 1133 3233 need

115 3248 298 3331 Amigdelum
317 3267 340 3305 e.
354 3268 396 3320 pr.
413 3292 419 3304 .
435 3292 462 3304 ..
509 3249 673 3304 arenariae
690 3250 758 3317 pol:
777 3265 911 3304 venereae
928 3249 975 3304 ab.
1021 3255 1055 3305 10
1073 3249 1130 3304 vol.

115 3319 405 3376 otiemeocenditrb.
423 3321 593 3387 [siecum.
604 3319 758 3375 ..valettd
776 3319 882 3402 {etiem
895 3320 986 3389 pald:
1004 3322 1130 3376 verorh

151 3397 184 3445 11
205 3391 327 3446 sitim-
294 3395 393 3462 (-14)
412 3391 602 3447 crediturum
620 3392 647 3446 d
713 3396 745 3444 12
764 3391 841 3460 vulp
833 3409 857 3446 rs
875 3391 940 3460 pol:
970 3392 1096 3461 ·p.esrh

117 3461 643 3531 radevoreritt.1oemu10(1>t=)
659 3409 938 3532 amygdalaptsicto
950 3461 1155 3526 mmm

117 3531 260 3603 amigdala
278 3534 313 3588 ld
329 3533 502 3607 (Amygdale
520 3551 635 3613 quoque
653 3551 722 3591 oum
738 3536 846 3590 menta.
860 3533 927 3598 rut
