2408 3878
484 188 725 253 „206-

207 353 335 412 excitare
360 350 524 411 creduntur
547 349 692 411 tardiores
716 350 752 411 ad
777 369 849 413 usus
872 353 1012 421 veneriae
1036 353 1117 413 voiu-

132 431 178 488 Pl·
206 442 304 519 ptatis.
337 441 418 518 ipsae
436 441 541 518 pineae
561 457 630 500 cum
648 441 747 499 resina
771 458 860 518 qnam
877 446 988 519 gerunt
1012 448 1116 502 tunsae

107 509 237 590 autom
256 528 380 608 singulis
398 529 535 588 sextariis
553 523 690 608 <aquae>
711 527 746 588 ad
768 527 922 589 dimidium
943 528 1117 608 decoquun-

206 625 269 678 tur:
301 635 338 677 ex
363 635 400 677 eo
424 616 544 677 cottidie
571 615 657 677 binos
680 616 801 677 haurire
829 617 950 699 cyathos
973 635 1116 679 excrean-

184 741 186 746 ,
205 705 286 797 titus
300 707 474 786 sanguinem
493 704 621 766 salutare
640 714 695 766 est.
724 713 827 767 cortex
841 704 957 767 actoris
970 704 1144 769 decoctnss

204 797 236 855 in
259 796 327 855 vino
351 794 586 855 efficacissimam
613 797 765 873 potionem
788 802 893 856 contra
907 796 1033 856 centris
1055 802 1116 857 tor·

205 885 286 943 utine
309 882 523 944 subministrat.
941 900 947 909 ²

271 1118 410 1174 Imm.
442 1120 490 1174 Dc
514 1120 636 1188 myxis.

272 1254 305 1314 ld
333 1271 460 1332 namque
488 1257 644 1318 manifesto
672 1258 814 1335 stypticae
842 1258 963 1317 virtutis
980 1258 1116 1335 'apparet

206 1352 236 1404 ot
258 1340 396 1424 trigidae,
425 1344 742 1423 quamvisplurimw
764 1344 822 1405 iilis
844 1343 883 1403 de
905 1346 1007 1423 rigore
1030 1347 1115 1406 sicci·

205 1571 418 1580 ------.-

208 1663 295 1719 maelii
317 1662 439 1719 dolorem
468 1663 577 1719 tollunt.
615 1663 763 1738 palmarum
786 1661 862 1719 cibus
889 1665 977 1721 nuttit
1001 1680 1111 1739 corpus.
1125 1679 1146 1718 to

165 1787 170 1798 .
207 1753 331 1802 recentes
354 1763 479 1819 somnum
494 1747 613 1818 iaciunt,
636 1754 724 1803 tamen
740 1748 833 1821 capitis
855 1746 979 1804 dolorem
995 1757 1114 1808 movent.

165 1878 170 1888 .
209 1832 254 1904 qni
278 1838 342 1886 sunt
364 1831 429 1887 sicci
445 1831 586 1889 stomacho
604 1832 739 1889 commodi
760 1839 872 1906 sputum
886 1833 1028 1905 sanguinis
1050 1849 1112 1889 con·

205 1925 320 1988 peccunt
342 1917 370 1971 in
393 1915 452 1971 cibo
481 1917 596 1988 sumpti:
626 1924 673 1971 aut
700 1917 723 1970 si
745 1932 841 1971 eorum
864 1915 1053 1973 decoctionem
1075 1916 1111 1973 bi·

204 1999 277 2056 bant.
322 2002 378 2056 triti
403 2017 464 2056 cnm
488 2001 598 2056 mastico
624 2000 764 2056 stomacho
787 2000 904 2073 adpositi
926 2000 1065 2058 deiectum
1086 2008 1111 2056 et

192 2084 332 2139 sudorem
346 2084 458 2141 nimium
473 2084 584 2144 tollunt.
615 2101 678 2140 ossa
691 2100 786 2140 eorum
808 2085 951 2153 combusta
973 2087 1039 2142 utta
1052 2101 1109 2142 cum
1120 2101 1139 2141 1⁵

205 2168 283 2242 galiis
300 2176 328 2224 et
350 2170 456 2242 granati
476 2170 540 2225 sicci
555 2169 657 2226 cortice
679 2170 839 2242 sanguinem
853 2168 887 2225 de
902 2167 1012 2235 naribus
1027 2168 1110 2226 duen-

206 2261 260 2308 tem
281 2255 391 2310 sistunt.
421 2252 575 2311 membrana
591 2268 660 2326 quae
675 2252 783 2310 ossibus
806 2253 930 2311 inhaeret
945 2255 1030 2311 scissa
1043 2253 1109 2310 labia

205 2336 384 2411 conglutinat.
427 2337 590 2394 carbonibus
613 2337 740 2412 fumigati
766 2337 912 2393 extrahunt
933 2347 1052 2411 partum.
1081 2336 1110 2392 tit

205 2437 238 2478 ex
260 2423 299 2477 eis
322 2420 498 2495 emplastrum
521 2420 664 2478 mirificum
687 2421 760 2496 quod
782 2420 927 2478 diafinicon
949 2422 1107 2498 appellatur.

134 2508 167 2562 P.
206 2513 299 2563 cortex
315 2507 372 2560 eins
389 2505 466 2561 viridi
483 2514 510 2562 et
534 2515 610 2562 tener
629 2515 728 2563 tunsus
749 2523 809 2562 cnm
831 2508 919 2563 resina
935 2513 963 2563 et
979 2523 1040 2564 cera
1055 2507 1108 2580 pari
1119 2524 1139 2565 oo

106 2585 192 2647 23,53.
203 2590 325 2664 pondere
346 2589 487 2647 coniectus
504 2591 594 2646 ulcera
611 2585 771 2668 [innervis]
792 2600 819 2648 et
835 2607 930 2664 psoras
946 2589 1066 2649 desiccat
1083 2599 1108 2647 et

203 2743 416 2751 ‚0—..—..-—-·

168 2902 182 2950 1
202 2895 331 2950 veneriae
348 2899 401 2965 noi
421 2899 468 2964 (cd
485 2917 551 2952 usus
568 2898 694 2954 venerios
713 2900 754 2967 d):
783 2915 859 2953 meae
878 2899 923 2953 rb.
994 2905 1010 2953 2
1028 2899 1106 2969 Ipsae

95 2985 161 3023 vero
171 2986 199 3038 p.
213 2968 259 3022 rb.
275 2970 279 3035 Ι
295 2969 393 3021 tuncne
407 2967 436 3021 in
451 2969 581 3037 singuline
608 2972 706 3025 tunsae
722 2971 750 3024 et
764 2970 798 3036 (c
811 2972 839 3039 o)
857 2970 887 3024 in
906 2969 1026 3039 singuiis
1046 2969 1107 3038 (sin-

96 3040 156 3109 guli
173 3041 201 3109 9)
219 3039 311 3108 cotti,
330 3040 411 3092 tusce
429 3037 557 3108 cingulos
573 3041 604 3093 in
618 3040 735 3111 singulis
749 3042 785 3096 cb
805 3039 921 3108 (additis
940 3041 971 3094 in
985 3040 1108 3111 cingulos

96 3111 212 3180 cingulis
227 3109 354 3166 sextariis
371 3126 462 3180 equae
481 3111 578 3179 Plio).
633 3119 649 3166 3
668 3128 758 3182 oquae
777 3128 809 3166 eac
830 3113 889 3166 PL:
908 3127 959 3166 om.
978 3112 1107 3181 oldtrt).

131 3187 148 3235 4
167 3199 201 3236 ox
220 3198 265 3237 eo:
284 3199 382 3252 exquo
396 3199 412 3236 c
426 3183 492 3250 (ooo
506 3183 539 3250 b).
563 3184 567 3246 Ι
588 3183 704 3237 cottidie
716 3200 747 3253 9:
764 3182 867 3237 cotidie
880 3184 943 3237 oid.
960 3186 966 3250 t
983 3182 1071 3238 cietos
1084 3198 1107 3250 9,

96 3254 192 3321 cyctoc
210 3269 241 3308 oz
261 3255 353 3308 craton
372 3255 432 3322 (oie)
446 3254 487 3308 td.
537 3258 554 3307 s
575 3254 773 3323 (corten-(a)
790 3255 835 3308 io'o
852 3269 903 3308 om.
919 3255 938 3308 d
956 3255 1015 3321 (ced
1030 3253 1107 3312 tato

96 3324 179 3379 initio
197 3340 257 3392 cap.
275 3325 310 3379 de
328 3326 435 3394 anomia).
470 3324 571 3380 Cortex
589 3327 684 3380 autem
702 3341 727 3378 e.
747 3326 791 3380 rb.
870 3330 885 3379 7
905 3323 1108 3379 sumministret

94 3394 136 3447 ld
204 3397 246 3449 tit,
273 3393 416 3449 Domixis
437 3412 468 3466 9,
496 3396 538 3449 De
556 3395 658 3465 miyxis
675 3413 711 3451 os
770 3396 842 3450 sid
861 3411 984 3466 namque
1002 3413 1040 3450 m.
1058 3393 1108 3465 oct

80 3463 190 3547 (Μ
203 3482 268 3521 cum
284 3483 309 3523 o.
327 3470 436 3540 8—9):
455 3467 491 3524 Id
509 3483 622 3538 nonque
637 3484 725 3538 genus
736 3484 777 3523 m.
788 3468 835 3521 ct.
848 3469 899 3533 ts.
910 3482 971 3522 esee
985 3483 1050 3536 epp.
1065 3465 1105 3520 rt.

109 3538 125 3570 ⁴²
140 3535 206 3592 dtis
221 3540 297 3609 ffel:
316 3540 363 3596 ilii
384 3543 433 3599 rb.
