2416 3900
474 155 716 242 -139-

149 350 189 412 V.
217 357 266 412 De
288 357 412 445 malva.
1025 371 1071 428 Pi,

1002 448 1090 508 20,84.

150 474 274 536 llolvam
306 477 457 540 molliendi
490 479 738 560 dissolvendique
755 491 892 544 naturam
925 503 991 545 esse

82 567 218 628 sortitam
236 583 344 644 graeco
364 567 506 630 vocabulo
528 569 599 630 licet
618 571 730 633 ¹credas.
759 591 828 634 nam
845 589 910 634 απο
929 593 991 636 του

81 655 265 736 paludosos
287 654 433 716 malaches
448 676 556 718 nomen
572 661 694 738 accepit.
722 662 884 722 interaneis
906 663 991 723 item·

81 762 140 823 que
161 744 277 804 vesicae
301 753 428 822 prosunt
450 747 481 806 in
505 745 571 808 cibo
595 757 738 828 sumptae.
776 752 849 810 item
871 751 991 812 adseve-

55 840 149 894 ⁵rant
167 831 290 893 vulnera
308 836 440 894 recentia
463 835 542 896 loliis
560 836 723 898 malvarum
741 840 872 918 itemque
893 839 991 901 salicis

81 920 171 983 simul
184 923 264 983 tritis
283 921 319 982 ad
331 924 494 987 sanitatem
508 943 603 1004 usque
624 927 761 1008 perduci,
775 928 881 990 melius
901 931 990 990 etiam

80 1012 215 1091 quamvis
236 1009 395 1089 emplastro
415 1015 574 1074 nominato.
610 1016 682 1075 item
701 1016 879 1078 addiderunt
897 1018 991 1079 malva

81 1116 149 1161 cum
172 1101 298 1179 axungia
321 1108 421 1162 vetere
444 1101 645 1180 pulcherrime
674 1113 864 1183 quassatnras
887 1107 989 1168 foveri.
1035 1112 1051 1146 *

80 1186 164 1250 radix
178 1190 267 1249 unius
282 1187 373 1250 caulis
388 1187 505 1252 admota
519 1191 602 1252 denti
620 1191 703 1272 pellit
718 1192 859 1255 dolorem.
877 1193 990 1255 eadem

41 1287 69 1328 ²0
82 1277 189 1338 femori
207 1276 321 1357 alligata
342 1279 474 1341 stimulat
488 1299 636 1342 venerem.
668 1281 771 1343 eadem
787 1284 886 1361 nigrae
906 1283 989 1345 lanae

81 1364 220 1428 obvoluta
234 1373 264 1428 et
276 1366 387 1446 illigata
401 1385 596 1431 mammarum
609 1373 679 1432 vitia
693 1374 864 1450 compescit.
893 1371 990 1451 Olym·

80 1457 144 1535 pias
166 1452 307 1516 Thebana
330 1455 478 1518 abortivas
500 1465 585 1538 putat
604 1478 670 1520 esse
689 1460 797 1520 malvas
818 1479 887 1522 oum
905 1460 989 1541 adipe

82 1546 197 1606 anseris
220 1544 343 1625 genitali
365 1547 444 1625 parti
467 1547 625 1610 subiectas.

147 1631 253 1714 <Sunt
280 1641 310 1694 et
333 1633 388 1694 alia
411 1646 487 1715 quae
511 1637 542 1697 in
566 1637 667 1698 malvis
695 1657 756 1719 non
778 1640 920 1700 inmerito
944 1658 990 1700 re·
1022 1669 1060 1723 D·

38 1731 67 1774 1⁶
79 1721 227 1802 prehensa
256 1717 347 1802 sint>
386 1722 505 1784 Sextius
532 1725 623 1804 Niger
651 1734 681 1786 et
710 1726 899 1788 Dioscorides
929 1737 988 1788 sto·
999 1745 1087 1806 2144.

80 1810 185 1872 macho
213 1811 334 1873 inutiles
362 1810 553 1874 arbitrantur.
590 1813 779 1875 Dioscorides
807 1823 838 1875 et
861 1815 989 1876 Galenus
1009 1828 1072 1882 Gal.

79 1901 277 1962 criminantur
293 1902 325 1960 in
343 1900 450 1961 malvis
473 1903 552 1980 quod
571 1921 680 1983 corpus
697 1904 819 1963 minime
838 1903 917 1964 alant
936 1904 1096 1965 sedvttti.

80 1990 170 2050 citato
193 1990 278 2069 lapsu
300 2007 355 2069 per
378 1998 509 2051 meatum
531 1994 644 2053 ventris
667 2001 832 2071 erumpant.

145 2077 200 2140 Est
227 2085 259 2139 ot
290 2081 417 2157 agrestis
443 2078 537 2140 malva
569 2081 701 2141 fortioris
730 2080 868 2163 enectus,
901 2099 990 2160 quam

150 2309 165 2358 1
193 2304 243 2358 isos
268 2320 362 2360 oerum
388 2305 503 2360 initium
528 2305 615 2358 statui
637 2305 696 2360 coll.
720 2306 768 2360 alt.
787 2305 850 2374 epit.
874 2309 900 2358 et
920 2305 958 2372 fr.
977 2315 1017 2354 [ιι
1037 2306 1095 2361 cod.

79 2372 109 2429 S.
119 2372 192 2430 Gall.
203 2380 254 2431 ⁷62
270 2375 385 2444 (Acoeti.
398 2385 430 2434 11,
447 2377 517 2440 129).
561 2381 577 2429 2
592 2374 666 2429 Nam
681 2374 901 2444 apotumelassin
915 2374 1096 2445 mal<a>ches

80 2446 108 2514 (a
120 2447 152 2500 iu
161 2461 217 2502 rao.
226 2448 253 2514 p)
266 2463 319 2516 go,
334 2463 399 2500 nam
413 2441 704 2506 ὸΠΟΤΟΥΜὸΛὸΕΠ
718 2442 875 2507 Monate(
888 2447 898 2500 l
911 2446 948 2516 (Ν
949 2463 1013 2501 ema
1026 2449 1097 2517 polu

78 2512 199 2571 malesei
213 2534 263 2572 sen
275 2516 419 2573 maloches
433 2535 456 2583 r,
475 2518 550 2572 Nam
564 2512 622 2571 ἀπὸ
637 2517 687 2572 τοῦ
703 2513 905 2588 potuisssent).
942 2523 959 2571 4
972 2518 1095 2573 vesicae:

78 2587 220 2644 brosdcee
232 2590 269 2658 ,(1)
286 2590 331 2643 rb.
348 2591 353 2655 1
369 2588 447 2643 Idem
465 2591 519 2658 pol
536 2588 608 2657 (Ass.
628 2587 697 2643 item
715 2590 771 2656 rb).
825 2594 841 2643 t
860 2587 1004 2644 nominato
1024 2591 1095 2658 (pre-

78 2656 157 2714 tiosis
177 2658 258 2728 Odo):
277 2658 423 2714 nominata
440 2660 500 2728 (sic)
518 2660 573 2728 pol
591 2659 703 2726 (Melius
722 2659 796 2714 enim
810 2659 992 2728 emplastrum
1008 2659 1097 2716 iidem

79 2745 142 2784 eam
161 2729 294 2785 addidere
311 2735 359 2785 etc.
378 2731 433 2797 sd).
450 2732 455 2799 l
471 2730 548 2784 Idem
566 2731 620 2798 pol
639 2730 736 2797 (iidem
753 2731 809 2796 rb).
866 2737 899 2784 10
917 2730 947 2785 in
965 2749 1096 2786 venerem

78 2801 116 2855 oi.
133 2801 138 2868 Ι
153 2801 253 2871 nigrae
265 2800 348 2857 lonae
362 2801 496 2856 obvoluto
512 2817 564 2869 po,
583 2799 663 2870 nigre
676 2800 741 2856 lene
753 2800 881 2856 involuto
895 2803 917 2855 t:
937 2802 1017 2872 nigro
1030 2802 1096 2857 lano

79 2871 215 2928 obvoluto
232 2873 278 2928 rb.
329 2878 362 2926 11
383 2873 412 2926 el
428 2873 542 2942 illigato
555 2870 614 2940 (inl.
627 2874 664 2941 o.)
682 2889 734 2942 yos
753 2889 802 2928 om.
822 2873 832 2927 l
851 2873 891 2941 (et
904 2872 1024 2943 alligato
1037 2875 1093 2941 rt).

80 2941 87 3027 Ι
100 2942 256 3013 compescit
267 2944 340 3013 pot:
358 2943 519 3013 comprimit
533 2944 544 2998 l
562 2943 746 3013 (concupiscit
758 2946 793 3014 r).
815 2943 985 3013 lOlympios
994 2943 1095 2998 -suls

77 3015 179 3084 rectos,
196 3014 296 3070 Made
310 3013 637 3070 Sextius-arbitrentur
650 3016 682 3069 in
696 3016 840 3084 coempto
853 3014 971 3083 capituli
986 3019 1096 3082 ponunt

78 3085 155 3143 codd.
174 3089 240 3140 onte
261 3085 384 3141 Melvam
408 3086 625 3142 molliendi...
655 3102 701 3155 epo
724 3086 897 3154 transposui,
925 3085 1096 3153 locopositis

76 3156 191 3226 iusuper
201 3157 303 3226 primis
316 3158 392 3211 tertii
404 3158 554 3228 Deposuit
565 3159 654 3212 ontis
667 3174 701 3211 cx
714 3158 771 3212 cod.
786 3156 814 3211 S.
825 3155 899 3210 Gall.
910 3160 961 3209 762
980 3155 1095 3223 (Ancaei.

77 3234 108 3288 rt,
125 3231 196 3298 128).
254 3232 287 3282 1⁶
306 3227 418 3282 Sextius
436 3229 505 3298 (Pl.)
523 3229 573 3282 rb:
600 3228 699 3282 Sextus
716 3225 882 3352 ρυῑὲθῶο),
907 3225 1040 3281 Sextilius
1057 3227 1095 3293 fr.

77 3300 135 3356 eod.
154 3298 278 3356 usuali.
298 3300 359 3356 toi.
379 3302 383 3367 1
409 3303 440 3354 et
456 3297 627 3355 dioscorides
651 3313 701 3354 osu
719 3298 755 3365 fr.
799 3339 804 3351 .
824 3296 977 3353 Gallenos
997 3297 1096 3352 Plotio

77 3372 139 3439 (eet.
158 3372 195 3440 tf.
214 3362 308 3426 Diona
327 3375 408 3439 2144
431 3365 665 3440 κακοστόμαχσς).
697 3369 769 3422 idern
790 3382 854 3421 moa
875 3366 1035 3424 arbitretur.

78 3446 112 3498 lo
135 3441 314 3499 Dioscorides
336 3447 383 3499 etc.
407 3444 474 3497 loce
490 3446 555 3511 post
580 3439 734 3510 compescit
755 3440 792 3506 (o.
811 3440 857 3506 til
885 3444 1041 3506 semiustus
1069 3440 1111 3486 is.

77 3514 154 3571 codd.
169 3515 175 3584 Ι
190 3512 309 3583 galenus
327 3529 354 3582 o,
373 3513 503 3585 galienus
522 3528 568 3586 pr.
624 3516 660 3568 aa
678 3512 794 3567 meatus
811 3508 853 3574 lo.
867 3507 955 3561 Mr-
