2416 3900
512 141 731 205 „30-

280 299 316 353 ib·
381 284 523 384 e1⁸passo
542 306 749 382 gargarizatur.
777 302 852 363 sicus
871 302 952 362 arida
966 310 996 363 et
1014 305 1126 364 nitrum

252 369 312 436 (⁰m·
327 372 352 438 'l
380 411 439 453 una
462 398 614 472 teruntur,
644 391 751 452 deinde
778 389 914 452 faucibus
941 390 1126 454 adlinuntur:

380 482 569 560 asperitatem
601 479 735 542 laticibus
768 479 904 540 emendat
936 487 967 540 et
998 479 1125 540 destilla-

160 578 237 643 20,52
252 574 313 642 (om.
327 573 352 642 r)
379 573 499 631 tionem.
536 569 626 630 alium
649 572 753 630 tritum
776 587 812 629 ex
835 586 927 647 pusca
949 571 1126 648 gargarizari

159 668 236 732 31131
252 664 312 732 (om.
326 662 352 730 r)
381 655 554 738 (prodest).
588 659 704 719 cocleae
724 657 841 737 dempta
860 664 976 717 tantum
999 653 1151 736 <terra>⁵

67 749 69 755 ’
379 750 468 826 coqui
490 747 600 808 debent
622 747 743 827 inlotae,
771 745 877 807 deinde
903 748 1018 806 conteri
1042 748 1125 806 etin

279 838 316 893 sb.
378 836 549 916 passo‘dari
572 839 665 915 potui.
702 838 795 914 siquis
814 835 932 915 grillum
952 836 1126 895 contriverit

379 943 481 1006 manu,
514 944 583 986 suas
612 924 742 986 tussillas
769 924 815 984 vel
848 924 956 984 alienas
983 925 1125 1004 tetigerit,

246 1024 351 1088 28,189.
379 1013 494 1074 levabit.
536 1014 611 1075 lacte
639 1015 761 1092 caprino
785 1032 853 1073 cum
881 1030 979 1092 myrra
1001 1012 1124 1072 decocto

279 1106 316 1160 ib.
379 1119 415 1162 ex
439 1103 499 1163 sale
522 1105 628 1182 exiguo
647 1101 886 1182 gargarizabitur.
923 1100 1047 1162 tussillis
1064 1101 1165 1179 pri-1⁰

379 1192 468 1252 vatim
482 1191 640 1253 medentur
654 1210 743 1252 renes
757 1191 853 1271 vulpis
867 1189 941 1250 aridi
956 1208 1024 1251 cum
1038 1188 1124 1249 melle

263 1291 350 1354 30‚31.
378 1280 442 1340 triti
461 1288 491 1341 et
508 1280 624 1341 inliniti.
659 1278 871 1340 hirundininus
890 1281 965 1340 cinis
984 1296 1020 1338 ex
1039 1277 1124 1338 melle

379 1367 415 1427 ab
438 1370 581 1439 interiore
605 1375 690 1447 parte
713 1368 837 1428 tussillis
860 1367 1003 1427 inlinitur.

246 1467 350 1528 tonte.
445 1455 499 1515 lini
529 1473 631 1516 semen
655 1462 684 1515 et
707 1458 828 1515 anetum
851 1457 881 1512 in
905 1454 970 1513 oleo
995 1464 1024 1513 et
1047 1473 1123 1532 aqua

378 1542 534 1605 decoctum
555 1543 717 1621 imponitur
732 1549 762 1603 et
780 1549 897 1602 acetum
915 1543 1122 1619 gargarizatur.
1138 1556 1163 1595 1⁵

245 1642 350 1706 24‚118.
377 1631 445 1691 rubi
473 1633 505 1691 in
528 1649 587 1710 quo
610 1647 693 1691 mora
715 1636 879 1690 nascuntur
901 1628 1000 1689 caules
1027 1631 1125 1691 teneri

324 1794 331 1807 .
377 1719 559 1800 tunduntur,
582 1719 757 1798 exprimitur
777 1737 867 1779 sucus
888 1717 1002 1800 elihu,
1021 1720 1123 1798 quiin

378 1807 439 1868 sole
468 1806 503 1867 ad
531 1801 758 1867 crassitudinem
787 1806 883 1867 mellis
914 1810 1042 1885 cogitur:
1074 1807 1123 1867 hic

377 1895 511 1979 inlinitus
541 1895 576 1955 ab
606 1895 750 1954 interiore
778 1903 862 1974 parte
890 1897 964 1956 mire
992 1896 1122 1976 prodest.

244 1995 349 2058 mvl.
377 1982 470 2043 herba
497 2001 572 2060 quae
604 1985 737 2043 nascitur
765 2002 855 2063 super
883 1984 981 2044 fimeta
1012 1986 1123 2045 rustica
1137 1997 1164 2037 20

262 2081 350 2146 tout.
378 2071 581 2131 efficacissime
609 2070 722 2131 bibitur
748 2074 779 2133 in
807 2090 883 2152 aqua
904 2073 957 2133 ubi
984 2092 1051 2135 mus
1074 2073 1123 2132 de-

182 2279 274 2333 tunt
296 2278 429 2332 teruntd
455 2279 522 2346 (unt
543 2293 579 2331 sc.
600 2294 664 2331 cum
686 2277 753 2332 fimo
776 2277 944 2334 columbino.
977 2279 1011 2345 cs.
1032 2279 1078 2332 Pl.
1097 2284 1122 2333 et

112 2347 205 2404 More.
219 2366 250 2420 p.
271 2352 342 2417 100).
368 2348 372 2418 Ι
398 2347 579 2403 adliniuntur.
608 2348 797 2417 Asperitatem
815 2349 938 2403 faucium
956 2351 986 2402 et
1004 2349 1122 2404 distilla-

108 2419 223 2475 tionem.
261 2419 412 2473 allium...
429 2419 489 2487 (sic)
507 2419 534 2474 d.
606 2419 824 2489 tgargarizari.
857 2419 974 2473 Cocleoe
996 2421 1039 2488 po
1061 2421 1121 2487 (om.

110 2490 236 2560 prodest,
262 2491 336 2559 quod
359 2490 458 2543 addidi
480 2505 514 2543 ecc
534 2489 600 2558 Pe).
672 2495 688 2543 5
708 2490 823 2571 dempta
846 2490 958 2543 tantum
981 2489 1064 2558 coqui
1081 2493 1123 2558 gd

110 2561 155 2630 (cf.
175 2560 267 2615 More.
282 2577 313 2630 p.
333 2562 403 2631 100).
454 2558 518 2614 tin
536 2576 620 2630 passo
637 2576 655 2629 p
674 2559 755 2630 (Pl.):
774 2574 900 2628 mperes
917 2560 943 2613 d.
999 2558 1122 2627 ‘lsiquis

109 2630 376 2702 —gargcrizobitur
397 2632 475 2701 9(b):
503 2645 555 2687 om.
572 2632 599 2686 d.
625 2632 630 2698 Ι
658 2630 781 2700 gryllum
801 2630 846 2685 Pl.
871 2629 979 2699 (Marci
993 2646 1024 2698 p.
1045 2633 1120 2698 106):

108 2774 205 2828 fimum
223 2773 341 2856 ovillum
358 2774 406 2842 pb.
457 2777 586 2854 timenus
604 2720 702 2826 pappus:
720 2771 805 2854 syllas
822 2770 988 2855 velationes
1003 2773 1023 2826 t.
1041 2776 1088 2853 cte.
1104 2788 1122 2840 p

108 2845 249 2915 (tctigent
266 2860 316 2900 om.
336 2845 371 2914 b).
440 2848 474 2896 10
492 2843 597 2896 tussrhs
616 2859 646 2912 9,
666 2843 800 2897 Tussilrm
817 2844 876 2912 (sec)
895 2843 915 2896 d
932 2841 1063 2911 (tonsillis
1082 2843 1120 2911 b).

145 2921 178 2971 13
197 2915 302 2971 tussilis
321 2916 381 2985 (sic)
399 2916 440 2984 gd
457 2912 588 2982 (tonsillis
604 2914 662 2981 rb).
744 2918 778 2966 14
796 2912 848 2966 lini
866 2929 961 2966 semen
979 2917 1025 2967 cte.
1051 2927 1123 2982 quae

107 3002 159 3056 seq.
183 2988 221 3042 ad
248 2988 380 3056 anginam
402 2984 543 3054 pectinent
568 2998 617 3036 sec.
648 2982 735 3050 Ptin,
760 2983 798 3037 ad
821 2987 965 3051 utcumque
987 2999 1046 3052 cap.
1070 2999 1120 3037 sec.

108 3063 238 3115 nostrum.
264 3061 268 3126 Ι
293 3059 408 3112 anetum
425 3055 467 3125 gd
485 3056 518 3122 (r,
539 3053 631 3107 Marc.
645 3070 676 3121 p.
697 3054 771 3122 106):
795 3069 911 3108 anesum
931 3054 977 3107 Pl.
1028 3059 1060 3107 15
1079 3054 1120 3107 in-

107 3129 221 3198 ponitur
229 3145 247 3198 9
257 3129 304 3198 (cf.
310 3143 377 3196 paq.
387 3142 456 3196 spo.
467 3127 508 3192 9):
527 3123 733 3193 inponunturd.
777 3130 809 3178 16
824 3123 918 3179 caules
926 3141 944 3194 p
954 3124 1002 3193 (r):
1018 3125 1122 3180 ceulict

109 3201 170 3268 (oct.
190 3201 255 3268 Pi).
307 3203 339 3252 17
360 3199 390 3252 et
406 3212 481 3266 cxpr.
500 3195 528 3248 ci.
583 3200 617 3250 18
636 3194 746 3264 cogitur
760 3194 806 3250 Pl.
820 3195 987 3264 (coagitatae
1002 3196 1119 3263 Marci:

107 3270 236 3339 coquitur
249 3271 293 3340 pri
306 3269 449 3338 (decoctus
462 3268 497 3333 r).
530 3271 563 3320 te
582 3265 715 3320 interiore
729 3267 857 3336 (Marcie
876 3265 1006 3320 inferiore
1019 3267 1061 3335 qd
1075 3269 1118 3336 (r).

143 3346 178 3395 20
192 3339 487 3395 herbo-inlinuntur
500 3339 577 3406 plb):
596 3353 647 3391 om.
662 3339 688 3391 d.
714 3339 718 3403 Ι
742 3337 840 3392 fimeta
852 3337 933 3406 (Pitz
953 3337 1118 3406 spinetopb.

143 3417 175 3464 21
195 3411 226 3465 in
243 3427 319 3480 aquo
334 3410 403 3465 ubiz·
424 3412 458 3478 ef.
480 3407 556 3464 Ptin.
575 3411 804 3478 zs,1v1÷3o,3o
827 3413 853 3463 et
872 3408 962 3462 Marc.
983 3424 1013 3476 p.
1031 3413 1093 3461 109.
1112 3407 1115 3478 l

107 3500 168 3536 mus
185 3481 231 3551 gb.
252 3482 333 3550 (Pl.):
352 3497 449 3536 musca
466 3493 508 3551 9⁰.
