2416 3900
476 160 696 226 ..64-

247 327 284 383 ab.
348 342 418 386 oum
446 323 564 403 polenta
591 325 661 384 trita
684 324 788 384 ramici
813 329 948 403 prosunt.
985 323 1099 403 pilulae

348 413 385 475 de
408 431 551 493 cupresso
574 419 694 474 tenerae
716 414 803 473 tritae
827 429 896 472 cum
914 414 1043 492 axungia
1065 421 1097 477 et

231 513 320 578 mas.
347 502 478 563 lomento
501 503 703 581 imponuntur.
741 519 832 562 sucus
859 500 896 561 de
919 500 1021 581 pilulis
1045 521 1095 565 cu·

347 593 444 671 pressi
463 609 531 652 cum
549 591 608 651 ficu
627 590 708 650 arida
727 591 812 669 prius
831 589 976 669 ademptis
995 594 1097 670 granis

258 684 275 716 ’¹‘
347 681 519 760 imponitur.
556 680 649 740 farina
677 677 837 739 feniculina
858 680 890 739 in
913 677 1121 758 hydromellel

232 778 319 842 aaut.
348 770 470 830 decocta
497 768 594 830 addita
617 769 743 846 axungia
770 769 840 843 facit
862 767 899 827 ad
927 770 1036 830 omnia.
1072 773 1099 832 si

348 857 458 918 decidit
481 858 555 918 alter
578 877 614 918 ex
637 856 777 937 testibus
800 874 904 936 spuma
928 856 1099 920 coclearum

229 955 319 1019 3053.
347 946 493 1007 inlinitur.
535 948 621 1007 tetris
652 944 805 1006 ulceribus
837 944 949 1005 ibidem
977 964 1097 1009 manan-

348 1034 429 1096 tibus
447 1035 604 1096 auxiliatur
623 1037 728 1114 capitis
746 1035 844 1095 canini
861 1037 994 1095 recentis
1012 1037 1098 1118 cinis,

246 1125 284 1179 ib.
350 1132 489 1185 senectus
516 1126 658 1203 anguium
684 1125 754 1183 trita
786 1141 823 1183 ex
855 1130 947 1185 aceto.
989 1123 1136 1204 hydro-1⁰

234 1223 321 1287 auat.
351 1212 450 1274 celicis
465 1213 607 1274 steliones
617 1212 744 1292 demptis
753 1210 880 1290 pedihus
889 1219 919 1273 et
932 1213 1098 1275 interaneis

235 1311 322 1374 31,65.
350 1310 380 1362 et
403 1304 498 1381 capite
521 1303 643 1363 inassati
665 1302 696 1361 in
720 1299 786 1361 cibo
810 1300 925 1361 dantur.
962 1307 1099 1364 tumores

217 1401 321 1463 31,129.
349 1391 471 1450 testium
500 1393 612 1451 marina
639 1408 714 1469 aqua
742 1388 855 1449 utiliter
882 1390 1031 1451 foventur.
1073 1392 1099 1451 si

350 1484 380 1537 et
394 1476 478 1537 dolor
493 1481 531 1557 sit
545 1487 575 1539 et
588 1485 701 1560 tumor,
714 1495 807 1558 pusca
821 1476 914 1538 calida
928 1479 959 1538 in
973 1481 1099 1558 spongia

350 1568 517 1645 apponitur.
1112 1574 1137 1617 1⁵

414 1749 506 1806 XXI.
529 1747 744 1819 Inguinibus.

217 1879 321 1941 23,163.
417 1867 569 1947 Negantur
591 1868 712 1945 inguina
732 1869 933 1928 intumescere
956 1867 1022 1927 cius
1046 1870 1100 1947 quui

350 1955 456 2016 habeat
474 1974 576 2016 secum
595 1955 749 2015 surcudum
771 1974 806 2015 ex
826 1962 921 2033 myrto
941 1972 998 2015 nec
1016 1955 1099 2016 terro

235 2055 321 2118 aulo.
350 2062 405 2104 nec
432 2052 513 2105 terra
541 2051 661 2105 tactum.
703 2042 819 2104 cocleae
848 2044 980 2103 minutae
1009 2046 1100 2105 tritae

235 2144 322 2208 usus.
350 2152 386 2194 ex
410 2132 496 2193 mefle
518 2133 694 2194 inlinuntur.
728 2134 850 2210 inguina
866 2133 1044 2211 priusquam
1062 2150 1099 2194 ex

349 2222 450 2283 ulcere
483 2228 662 2303 tumescant,
696 2223 728 2280 in
758 2220 832 2283 licio·
859 2221 958 2281 facere
991 2231 1141 2282 novem„

349 2311 443 2370 nodos
458 2317 576 2389 oportet
585 2319 615 2370 et
629 2310 665 2370 ad
680 2308 812 2388 singulos
826 2310 980 2372 nominare
997 2311 1098 2389 singu·

349 2399 392 2459 las
415 2397 555 2458 mulieres
573 2398 689 2479 vidum,
712 2406 777 2457 tum
799 2397 901 2457 licium
921 2396 1043 2475 alligare
1060 2396 1099 2458 ad

214 2498 320 2559 28218.
349 2486 440 2548 talum
458 2485 505 2546 vel
528 2489 609 2547 cruri
627 2486 673 2545 vel
695 2487 772 2546 infra
790 2504 877 2565 genu.
914 2486 941 2545 si
959 2485 996 2546 ab
1015 2488 1098 2566 equi·

349 2582 412 2636 tatu
437 2575 550 2635 lomina
577 2581 679 2635 vexata
707 2582 789 2656 sunt,
822 2590 926 2655 spuma
959 2570 1028 2653 equi
1061 2592 1099 2634 ex

262 2669 277 2701 *
349 2682 402 2724 ore
420 2663 580 2724 feminibus
599 2663 742 2724 inlinitur.
778 2661 951 2741 inguinibus
971 2663 1097 2741 imponi·
1112 2672 1139 2714 2⁵

349 2760 399 2814 tur
408 2753 496 2814 fimus
506 2752 611 2815 suillus
620 2751 676 2814 sub
690 2759 767 2813 testa
777 2751 936 2812 calefactus
947 2751 1098 2831 tritusque

155 2948 170 2996 1
194 2940 294 2996 ramici
317 2943 351 3009 (o.
370 2941 387 2998 l.
406 2941 512 3010 remiti)
533 2942 591 2996 Pl.:
616 2940 718 2995 remini
735 2941 796 3010 μάν
818 2941 857 3008 (b,
876 2938 992 2995 frumini
1014 2939 1098 3011 b⁸).l

81 3014 197 3070 Pelulae
216 3014 275 3082 (sic)
289 3029 318 3082 p,
346 3011 449 3066 Pillule
474 3014 501 3067 d.
556 3018 573 3067 t
591 3011 731 3081 ademptis
748 3028 778 3080 p:
802 3011 924 3080 demptis
943 3011 992 3066 db.
1007 3011 1099 3136 Lfl⁰¹¹²

82 3087 123 3140 sic
140 3087 189 3156 gd.
263 3085 333 3152 bes.
354 3084 400 3139 Pl.
419 3088 524 3150 20257.
552 3082 656 3137 Farina
678 3081 831 3137 feniculina
848 3098 878 3152 pt
901 3080 1028 3136 Fenicn‘
1048 3082 1100 3150 (ste

83 3162 109 3211 et
127 3157 153 3226 b)
172 3157 266 3213 farina
283 3157 309 3211 d.
370 3161 386 3209 6
406 3155 526 3225 exungia
543 3172 568 3226 p.
628 3159 662 3210 10
679 3152 864 3223 Hydrochelis
882 3169 912 3222 p,
930 3151 1099 3222 Hydrocleis

84 3229 143 3297 (eie)
167 3231 186 3284 d
213 3231 308 3298 (atque
330 3225 505 3296 hydromelle
527 3227 592 3296 rbl)
665 3231 699 3279 14
716 3225 821 3280 tumori
839 3225 865 3279 d.
891 3223 998 3306 paup
1025 3224 1101 3293 (post

83 3300 177 3354 tumor
198 3301 258 3369 rb):
287 3315 337 3354 orn.
356 3300 383 3354 d.
409 3300 414 3367 1
444 3315 530 3369 posca
546 3313 572 3367 p.
644 3298 685 3353 tit.
714 3316 784 3350 xxm
805 3294 971 3364 Inguimbns
994 3310 1026 3364 9,
1054 3294 1100 3348 Ad

86 3366 92 3379 '
154 3368 160 3382 '
213 3373 261 3426 db.
317 3377 350 3426 te
364 3369 523 3426 illiniuntur
535 3371 562 3424 d.
578 3369 583 3438 Ι
598 3367 685 3438 ingna
703 3368 762 3436 (sic)
777 3383 803 3437 9.
853 3370 888 3420 20
902 3364 1100 3421 exulcerentur

83 3454 118 3492 ve
155 3438 345 3498 intumescant
370 3459 393 3499 r.
420 3443 425 3512 Ι
452 3443 613 3497 tumescunt
634 3440 660 3496 d.
733 3443 767 3493 22
786 3437 820 3504 cf.
841 3437 934 3492 Mare.
948 3451 980 3506 p.
999 3441 1063 3492 225.

84 3513 118 3563 23
137 3510 211 3566 omri
227 3513 279 3582 pb:
299 3530 361 3568 crus
379 3514 406 3568 d.
431 3512 436 3585 Ι
462 3513 608 3583 aequitatu
624 3510 746 3567 feminae
763 3510 866 3582 vexate
884 3507 944 3578 (eie)
962 3523 989 3577 p.
