2416 3900
530 157 772 225 -196-

252 322 403 403 efficacius
422 319 609 384 subveniunt.
641 321 818 402 hydropicos
840 304 1028 384 extrinsecus
1049 323 1164 384 siccant

253 430 290 474 cx
316 413 385 472 vino
417 419 558 473 contusae
590 418 621 473 et
653 428 723 472 oum
754 409 903 473 absinthio
934 418 966 475 ct
994 410 1163 475 hordeacea

249 501 348 562 farina
369 502 401 561 in
424 499 545 562 modum
562 498 779 581 cataplasmatis
798 499 951 561 adunctae.
976 499 1161 562 combustae

254 597 285 651 et
307 591 395 651 tritae
413 597 444 650 et
466 595 568 650 ceroto
591 636 599 650 .
623 635 630 651 .
654 636 661 652 .

320 789 359 846 L.
390 790 440 845 De
462 789 574 846 sorbo.

321 906 461 968 PlurImis
484 908 607 969 medicis
635 907 732 987 placet
755 905 843 968 sorba
865 924 920 987 pro
944 905 1188 968 medicamentoa

184 990 220 1049 D·
254 997 347 1076 magis
370 1013 459 1075 quam
476 1014 532 1076 pro
551 994 617 1057 cibo
641 1013 708 1058 esse
728 993 881 1057 sumenda.
894 1001 940 1055 'et
958 994 1079 1073 quidem
1098 994 1163 1056 alba

157 1069 350 1146 12¹⁷³adtrno
382 1091 412 1161 et
444 1085 611 1146 semicruda
643 1083 758 1145 delecta
785 1083 990 1145 vehementius
1021 1082 1162 1144 solutioni

253 1176 366 1234 ventris
398 1171 561 1256 obsistunt,
597 1172 782 1235 stomachum
813 1179 1020 1252 praegravant,
1057 1190 1161 1233 verum

253 1441 340 1498 torem
363 1440 453 1498 trahet.
490 1455 558 1514 quae
581 1447 672 1497 autem
693 1438 854 1496 inmatmior
875 1438 958 1496 inerit
1008 1437 1070 1493 ‘us
1092 1437 1162 1494 cale·

253 1524 326 1582 iacit.
364 1524 412 1580 sed
434 1532 553 1581 mustum
574 1530 672 1598 potum
693 1533 802 1599 purgat.
980 1453 1047 1585 Ἢ
1174 1533 1199 1574 io

178 1614 234 1682 (78)
317 1607 371 1666 Uva
393 1624 472 1685 passa
493 1609 618 1683 egeritur
638 1607 747 1682 quidem
763 1616 792 1664 et
806 1608 905 1665 exurit.
942 1604 1084 1664 enucleata
1099 1621 1161 1679 cum

180 1700 225 1754 Pi.
253 1694 359 1768 cymino
382 1708 476 1751 omnes
498 1692 698 1768 indignationes
719 1699 747 1750 at
768 1700 890 1749 tumores
912 1700 1082 1765 veretrorum
1104 1693 1162 1748 sive

157 1776 245 1842 ispo.
256 1777 436 1836 carbunculos
459 1785 545 1835 curat.

272 1986 275 1991 ,
322 1929 371 1981 Da
389 1941 490 1984 moro.

180 2020 236 2088 (79)
320 2019 388 2077 Mori
409 2037 489 2095 poma
504 2019 536 2077 ad
558 2036 686 2095 praesens
708 2020 850 2078 stomacho
874 2021 964 2094 utilia,
987 2019 1061 2095 quod
1082 2019 1161 2077 refrt·

180 2107 227 2163 Pi,
255 2112 364 2181 gerent.
400 2104 474 2180 quod
497 2106 521 2162 si
541 2105 610 2161 alius
624 2103 700 2162 cibus
722 2122 778 2162 non
798 2106 972 2180 superveniat
993 2107 1161 2162 inacescunt.
1176 2115 1200 2158 aa

155 2184 243 2249 23270·
319 2189 363 2246 vn
390 2206 423 2246 ex
449 2205 516 2248 suco
542 2206 689 2264 pomorum
717 2186 858 2248 mirificum
882 2188 1047 2247 medicamen
1068 2199 1164 2247 contra

180 2267 226 2323 Pl·
255 2275 344 2331 omnia
365 2275 429 2331 vitia
452 2275 507 2331 oris
529 2273 646 2331 faucium
660 2277 820 2336 arteriarum
841 2274 884 2330 vel
907 2273 1044 2331 dentium:
1066 2290 1164 2332 sucum

156 2343 399 2434 2³27¹·pomornm
426 2358 668 2415 maturissimorum
696 2359 771 2416 lento
800 2360 864 2434 igne
891 2360 986 2434 coquis
1013 2358 1045 2415 ad
1074 2358 1163 2416 meliis

253 2442 477 2515 crassitudinem,
499 2444 584 2500 mittis
606 2443 730 2501 aluminis
752 2443 918 2500 scissicroci
940 2458 1047 2500 murrae
1068 2444 1164 2519 singu·

253 2527 343 2585 lorum
358 2526 516 2600 drachmas,
539 2527 620 2586 simul
634 2529 809 2585 commisceto
831 2535 859 2585 et
881 2527 915 2584 de
935 2528 1018 2603 pinna
1032 2529 1200 2602 unguinum

220 2806 234 2853 1
253 2799 402 2869 ydropicos
419 2801 481 2869 poi.
531 2805 548 2854 2
567 2801 689 2856 absintio
708 2803 731 2870 i,
750 2801 856 2857 -ihiod
874 2801 1035 2871 (absynthio
1055 2801 1095 2871 b):
1114 2801 1163 2856 ub-

141 2869 237 2927 ·aantio
255 2887 294 2941 po
304 2873 349 2941 (r).
366 2871 531 2940 [hordiacia
547 2887 578 2941 y,
596 2871 777 2928 hordeaciao
795 2871 937 2942 (ordeacio
949 2889 978 2940 r,
996 2886 1060 2927 -ceo
1077 2873 1116 2940 d).

145 2941 321 2998 annuncio
339 2957 399 3012 epo:
418 2941 559 2997 mancine
576 2944 645 3011 (tac
658 2959 688 3014 o,
708 2945 749 3017 -tp
767 2944 794 3014 p)
812 2943 965 3014 pcidtrb).
1012 2948 1030 2996 4
1048 2945 1078 2998 at
1092 2943 1162 3014 (dp)

147 3014 251 3069 ceroto.
268 3015 322 3084 poi
341 3015 367 3082 (c
380 3014 476 3078 ceroto
489 3013 532 3082 dp
551 3029 601 3069 om.
620 3015 664 3069 ri.
698 3015 817 3084 capituli
833 3015 899 3082 fiatis
916 3015 992 3070 obed
1009 3013 1057 3083 (ac.
1074 3018 1106 3070 et
1119 3029 1161 3070 co

146 3086 209 3141 roto
227 3084 332 3140 mixtae
351 3084 497 3154 perniones
514 3085 899 3154 sanantete.ef.Pi.30,123
919 3089 944 3141 et
958 3090 1011 3140 124
1029 3090 1059 3140 ct
1067 3085 1161 3141 Mace.

148 3159 247 3226 luca).
282 3157 407 3225 emautur
424 3160 515 3211 eumn
538 3156 570 3212 in
587 3172 625 3226 uo
647 3155 721 3226 (cum
743 3158 792 3212 dcc
809 3158 847 3212 ait
858 3159 962 3229 amm)
986 3173 1048 3226 cop.
1066 3177 1084 3211 c
1101 3157 1161 3226 (orn.

146 3230 255 3296 xcvnn)
277 3225 322 3282 Dc
339 3228 426 3282 corin
457 3227 692 3283 convenentia
713 3233 753 3284 eat
774 3229 824 3283 icoc
846 3228 904 3284 ioco
927 3228 1061 3285 occidione
1082 3229 1162 3285 utam

147 3300 227 3366 (mane
240 3299 355 3368 praebet
373 3297 511 3369 Epitoma)
534 3315 613 3370 capp.
633 3299 668 3354 de
685 3315 742 3354 uva
760 3303 785 3354 et
803 3297 839 3354 dc
856 3315 943 3355 moro.
1005 3303 1023 3355 n
1041 3299 1161 3356 medica·

142 3370 243 3422 mento
261 3371 306 3424 oia
325 3367 374 3424 -tia
388 3368 479 3438 rito).
531 3369 676 3426 chnud:
695 3370 783 3427 Sorba
801 3369 867 3427 alba
884 3371 1039 3428 adhuceta.
1085 3369 1160 3426 'tde-

127 3432 211 3490 noca
234 3440 336 3506 pald.-
363 3438 476 3498 deiecta
503 3441 549 3498 ri.
617 3441 846 3498 cremonen
873 3443 950 3512 yda),
982 3442 1121 3499 veritam-
1136 3457 1159 3509 o,

118 3511 349 3576 verumptamen
368 3515 398 3572 d.
793 3551 797 3574 t
