2416 3900
473 153 735 224 „59-

118 316 290 380 oordiorum
318 319 471 378 curatione
499 314 663 378 subiectam
686 319 778 396 operi.
815 317 865 378 he·
938 322 954 357 *

117 407 206 468 derae
231 412 262 466 et
284 404 403 485 gladioli
426 424 516 467 sucus
543 407 608 484 pari
631 410 772 467 mensura
795 424 864 468 cum

115 512 205 575 passo
229 493 389 556 calefactus
410 497 496 574 potui
519 493 614 555 datur.

182 676 274 733 ΧΠ.
298 676 563 745 condylomatis.

182 774 289 837 Oleum
308 784 393 838 vetus
411 778 509 858 picem
529 776 670 857 pollinem
693 776 860 857 decoquere
888 788 993 851 tamt,

86 871 235 945 toportet
256 860 299 926 'et
336 884 425 944 quam
457 865 669 927 calidissimum
699 868 861 947 imponere.

188 1007 202 1055 1
227 999 409 1056 subiectam:
443 1003 477 1069 of.
496 1018 590 1072 supro.
615 1018 637 1057 c.
656 1009 681 1058 4.
749 1003 792 1056 tit.
815 1021 884 1056 xvm
916 1001 967 1070 (sic
988 1017 1043 1070 pro
1071 1003 1129 1068 xm)

113 1071 318 1127 (londilomatis
337 1072 465 1128 collectio
484 1072 628 1143 sanguinis
645 1090 671 1143 9,
690 1073 734 1128 Ad
749 1071 940 1127 condilomate
947 1073 974 1127 d.
1038 1071 1142 1142 lpot-

112 1143 221 1198 lionem
234 1160 260 1213 p.
315 1147 331 1197 5
345 1143 489 1214 imponere
502 1144 576 1215 prb:
596 1160 701 1213 ponere
714 1145 741 1198 d.

182 1373 276 1458 αν.
300 1376 541 1458 sementim>
567 1468 569 1472 ᾗ

176 1688 274 1758 (Goli
296 1679 438 1764 dolori.)

180 1779 261 1862 [Colo
289 1795 316 1845 et
344 1787 469 1845 omuibus
497 1790 689 1846 intestinorum
720 1787 860 1845 doloribus
896 1794 972 1855 30,62

112 1911 120 1926 .
145 1912 153 1926 .
180 1912 187 1926 .
211 1869 396 1929 efficacissime
418 1872 542 1930 subvenit
565 1874 620 1929 avis
650 1872 764 1946 galerita
790 1916 796 1929 .
822 1914 829 1929 .
854 1915 861 1930 .
898 1864 1125 1931 (Marad-⁸202)-

67 1977 97 2018 ιο
112 1955 171 2011 sive
186 1950 245 2028 ipsa
260 1964 348 2013 assata
369 1958 398 2013 in
415 1955 475 2014 cibo
491 1965 629 2031 sumatur,
653 1957 710 2014 sive
724 1974 786 2014 cum
801 1955 862 2031 plu·

112 2039 166 2094 mis
181 2039 239 2095 suis
254 2039 396 2097 combusta
417 2041 558 2115 redigatur
579 2043 754 2114 ianitorem,
780 2049 861 2116 atque

111 2139 148 2179 ex
177 2138 209 2179 eo
238 2122 446 2198 diligentissime
475 2127 539 2182 trito
570 2133 645 2183 terna
674 2126 804 2183 coclearia
830 2141 862 2181 ex

110 2223 183 2280 aqua
206 2206 289 2264 calida
307 2211 386 2282 potui
408 2226 457 2284 per
479 2210 600 2267 triduum
621 2208 729 2266 dentur.
752 2210 862 2265 unicum
897 2213 982 2278 30,63.

110 2297 157 2350 est
184 2292 341 2349 intestinum
362 2295 491 2369 ossifragi
518 2296 600 2351 mirae
626 2301 754 2365 naturae,
788 2291 861 2367 quod
899 2282 1000 2352 (Mart
1022 2283 1067 2346 lh)

65 2399 96 2442 15
111 2376 204 2432 omnia
232 2375 360 2435 devorata
383 2379 510 2435 citissime
533 2376 651 2435 conticit.
691 2379 772 2436 huius
798 2393 861 2451 pars

110 2466 235 2517 extrema
257 2460 397 2534 colligitur
420 2470 447 2517 et
469 2464 626 2537 reponitur,
654 2470 681 2520 et
707 2479 769 2519 cum
791 2478 860 2536 opus

109 2543 197 2600 fuerit
210 2545 299 2602 ventri
315 2545 463 2602 laborantis
484 2547 626 2622 alligatur:
649 2546 769 2604 remedio
791 2549 860 2603 miro

110 2644 209 2685 omnes
243 2629 437 2688 intestinorum
469 2631 578 2688 dolores
613 2632 742 2687 citissime
772 2629 858 2687 sedat.

107 2711 170 2792 lupi
192 2720 299 2771 stercus
321 2715 467 2771 dummodo
491 2732 546 2772 nou
574 2717 696 2771 interra
723 2717 861 2773 inventum
897 2719 998 2784 28311.

109 2838 117 2853 .
144 2839 152 2854 .
178 2839 183 2852 .
214 2797 328 2872 colliges
351 2806 380 2856 et
401 2799 519 2857 servabis
542 2808 570 2857 et
597 2816 658 2856 oum
681 2815 750 2874 opus
778 2799 862 2856 luerit

107 2879 246 2938 laboranti
259 2883 345 2940 colico
358 2883 482 2959 alligabis
494 2882 527 2941 ad
538 2883 677 2941 brachium
690 2927 697 2943 .
712 2927 719 2942 .
733 2927 739 2943 .
753 2879 774 2963 .]
790 2928 797 2943 .
811 2928 818 2943 .
832 2925 840 2941 .
854 2926 860 2941 .
952 2926 955 2931 -

108 2963 260 3022 defunctos
272 2967 351 3024 obrui
363 2977 482 3043 oportet.
510 2969 712 3043 vespertilionis
727 2971 860 3045 sanguine
897 2973 980 3036 tull.

106 3091 282 3108 ......
316 3070 417 3110 cornus
440 3055 539 3110 cervini
564 3094 570 3107 .
595 3098 602 3112 .
628 3100 636 3117 ‚
660 3099 667 3113 .
692 3098 699 3112 .
725 3097 732 3112 .
757 3098 763 3111 .
790 3101 796 3115 ,
821 3095 828 3110 .
854 3095 860 3108 .
897 3056 997 3120 28,211.

106 3133 177 3191 lacit
199 3136 301 3209 optime
324 3136 356 3193 ad
379 3137 467 3194 colum
490 3139 566 3212 potio
597 3178 859 3198 .........
939 3131 955 3164 *

118 3282 121 3287 ’
167 3290 183 3339 8
197 3284 274 3340 Dedi
289 3287 420 3343 Marcelli
432 3288 521 3343 verbu
564 3294 597 3344 ta
611 3289 677 3345 bace
689 3290 730 3344 ito
745 3288 790 3342 Pl.
805 3301 876 3356 quae
894 3285 925 3339 in
944 3280 1140 3341 excrementis·

102 3353 171 3425 lupi
189 3354 314 3413 diximus
331 3358 451 3414 inveniri
470 3376 543 3429 ossa,
567 3360 593 3414 si
609 3363 714 3415 terram
731 3374 787 3412 non
805 3355 964 3426 attigerint,
988 3355 1050 3411 colo
1068 3371 1126 3412 me·

101 3427 388 3554 gglrpttbzlaeetzllligcta
404 3430 529 3486 brachio.
556 3431 590 3497 cf.
610 3445 679 3498 puae
700 3429 741 3483 ibi
763 3431 915 3521 sequtmtwr
936 3427 1070 3497 facientia
1088 3429 1127 3484 acl
