2416 3900
510 210 729 272 -17-

112 385 184 438 sunt
198 376 244 435 vel
258 377 407 435 minimam
423 360 573 434 ollens'am.
596 377 658 435 scio
673 383 754 435 certe
770 393 858 452 quos-

112 467 180 525 dam
199 463 330 524 medicos
353 464 442 524 buius
462 465 623 524 curationis
638 463 694 523 sibi
714 481 859 523 summam

112 554 268 614 scientiam
299 552 463 612 vindicasse
492 561 522 611 et
554 570 673 631 magnas
706 553 858 612 mercedes

111 644 283 722 poposcisse
316 659 384 702 cum
417 641 557 701 adversus
590 640 710 700 morbos
743 643 860 701 aurium

85 740 206 792 bunum
229 736 280 790 aut
303 730 429 790 alterum
452 739 575 789 nossent
597 730 770 790 remedium.
804 747 859 790 nos

113 819 204 880 multa
218 818 411 898 profanatus,
425 825 459 878 ut
474 836 542 877 cum
556 836 606 878 res
620 821 751 896 exegerit
765 820 859 897 possi-

112 926 179 968 mus
203 909 260 987 uti‚
285 925 353 966 eum
377 909 461 966 exis
485 907 581 984 aliqua
605 909 800 967 occurrerint.

180 994 248 1055 Gari
272 994 444 1055 excellentis
468 996 603 1076 cyatica,
627 998 702 1055 aceti
727 995 871 1076 cyathus>
888 1005 977 1069 32,78.

113 1101 191 1144 unus
215 1083 310 1143 mellis
334 1083 457 1162 cyathus
481 1092 511 1143 et
534 1084 686 1144 dimidius:
714 1086 744 1144 in
769 1084 859 1144 calice

73 1181 99 1221 ¹⁰
113 1190 188 1232 novo
226 1173 336 1232 sensim
371 1172 561 1252 decoquitur,
598 1191 702 1251 spuma
735 1173 859 1232 subinde

112 1278 210 1339 penna
242 1259 369 1341 tollitur,
406 1269 436 1320 et
466 1279 534 1320 cum
566 1278 670 1340 spuma
707 1261 861 1340 resederit,

113 1355 283 1408 removetur
316 1356 346 1408 et
383 1366 419 1407 ex
451 1366 487 1407 eo
520 1349 652 1427 tepidum
685 1348 860 1408 infunditur.

113 1436 150 1495 ad
177 1454 281 1495 omnes
308 1436 473 1497 infusiones
501 1437 650 1498 auriculae
679 1436 861 1516 conchyliata
890 1449 977 1509 aaut.

113 1524 177 1585 lana
206 1523 387 1584 obturandae
416 1532 493 1585 sunt.
530 1544 669 1585 ranarum
698 1527 787 1604 adeps
815 1544 861 1586 re·
890 1516 977 1599 baia.

75 1621 100 1662 1⁶
113 1615 222 1673 missus
246 1613 404 1673 instillatus
432 1612 565 1674 dolorem
592 1617 690 1674 statim
715 1614 799 1674 tollit.
837 1615 863 1673 si

113 1709 230 1761 tument
245 1719 332 1760 aures
347 1719 419 1761 suco
439 1700 580 1761 coliandri
599 1702 776 1780 mitigandae
791 1710 861 1762 sunt

113 1791 205 1868 prius
244 1799 333 1849 sucus
352 1789 479 1849 hederae
499 1791 615 1869 tepidus
635 1809 702 1850 cum
723 1793 789 1850 vino
818 1793 860 1849 in·
890 1802 977 1864 24:17.

114 1877 250 1937 stillatur.
274 1878 332 1937 mel
351 1895 419 1937 cum
438 1881 553 1938 rosacio
571 1879 692 1939 inditur.
717 1878 774 1938 mel
793 1896 862 1938 curn
890 1888 996 1952 22108.

114 1967 229 2025 rosacio
253 1972 283 2025 et
311 1983 416 2025 manna
439 1969 515 2027 turis
543 1968 579 2027 ad
606 1969 700 2027 instar
724 1967 861 2027 coclearii
936 1973 951 2005 *

74 2064 100 2105 ²⁰
115 2053 291 2114 adiciuntur.
319 2054 376 2113 boe
400 2061 429 2113 et
448 2054 570 2115 vulnera
589 2064 672 2116 sanat
695 2064 724 2115 et
743 2074 863 2115 umores

114 2145 253 2204 exsiccat.
295 2160 400 2220 parum
428 2144 581 2204 audientes
608 2144 722 2203 utiliter
745 2152 862 2202 acetum
891 2153 979 2214 aazia.

114 2233 307 2310 gargarizant.
335 2232 534 2291 auricularum
551 2233 690 2291 fracturis
705 2231 862 2290 medentur
891 2240 997 2303 20,104.

114 2319 197 2379 bulbi
219 2322 284 2380 triti
308 2329 337 2379 et
361 2322 487 2398 appositi
512 2327 543 2379 et
566 2321 668 2398 quinto
693 2320 739 2380 die
764 2317 861 2378 soluti.

115 2408 254 2468 loliorum
273 2407 341 2468 rubi
362 2410 394 2467 in
413 2427 471 2486 quo
492 2426 574 2468 mora
588 2417 752 2469 nascuntur
771 2425 861 2467 sucus
890 2417 995 2479 14119.

76 2497 234 2575 ntepidos
261 2496 429 2556 instillatur.
470 2496 510 2556 fel
536 2497 660 2575 pecudis
684 2514 752 2557 cum
775 2495 861 2555 melle
890 2507 994 2569 29,133.

114 2604 203 2645 aures
221 2593 336 2664 purgat.
373 2586 472 2644 canini
494 2584 579 2646 laetis
604 2585 754 2645 instillatio
779 2585 861 2644 sedat
925 2586 962 2642 ib.

186 2774 380 2830 concreasse
394 2775 461 2831 aro.
513 2740 642 2828 eerraira
665 2773 724 2840 (aa)
746 2788 771 2839 9.
823 2772 882 2826 aa
896 2773 926 2827 a:
951 2771 995 2826 aa
1015 2772 1083 2840 aaa.

116 2850 132 2898 8
151 2845 234 2914 cyabr'r
253 2862 285 2913 9,
304 2844 432 2915 ci[t]atus
446 2846 478 2910 d,
496 2844 613 2912 cyathus
627 2864 638 2897 1
652 2843 696 2896 rb.
734 2848 749 2895 9
764 2844 882 2912 (cyaius)
902 2860 972 2898 uuus
987 2859 1017 2911 p,
1036 2843 1133 2897 rdrb.

115 2917 251 2970 coctana·
277 2931 338 2970 cam
364 2932 416 2984 seq.
463 2921 497 2969 10
516 2914 632 2969 subinde
655 2916 698 2968 ais
724 2913 815 2982 prima
837 2914 938 2982 (prima
961 2916 1012 2983 Μ)
1037 2930 1131 2983 penna

114 2984 224 3041 tollitur
252 2987 302 3054 (cic
325 2987 384 3040 alic
406 2987 517 3041 lectione
538 2987 571 3039 in
592 2987 653 3054 ipso
680 2990 757 3038 tecta
780 2986 896 3052 adiecto)
920 3002 942 3038 r.
1037 2991 1067 3038 11
1088 2999 1133 3036 ra-

67 3104 70 3121 ,
114 3056 229 3111 cesserit
246 3057 292 3111 rb.
384 3062 416 3110 12
435 3058 593 3112 removetur
612 3058 657 3125 (ac.
677 3056 713 3110 ab
732 3055 810 3125 igne,
828 3061 860 3108 ot
879 3056 923 3110 M.
938 3072 968 3123 p.
989 3059 1021 3108 75
1040 3054 1131 3120 sapi:

68 3136 71 3161 ³
114 3129 267 3183 renovetur
280 3128 299 3182 d
317 3128 377 3195 (om.
389 3128 518 3196 Marco.
531 3132 563 3181 ‘15
578 3128 644 3182 med.
660 3127 750 3181 eodem
765 3127 800 3182 cl.
808 3143 838 3194 p.
850 3132 892 3179 77.
904 3128 956 3194 82).
1013 3130 1045 3178 13
1065 3139 1130 3176 oon·

71 3212 73 3217 ·
115 3197 232 3253 chiliata
249 3198 281 3265 d,
301 3198 473 3266 conquiliaba
490 3215 509 3268 9
527 3198 587 3267 (sed
605 3215 670 3253 mox
688 3196 859 3266 conquiliata
877 3197 931 3263 rb).
980 3200 1012 3247 16
1023 3192 1127 3248 colian-

114 3267 156 3322 dri
172 3284 204 3338 με
225 3267 366 3323 coriandri
384 3270 452 3323 drb.
478 3272 483 3337 1
508 3271 579 3324 sunt.
599 3269 680 3323 Prius
699 3270 730 3337 d,
749 3268 825 3334 suni,
850 3266 898 3318 sed
916 3264 992 3333 priua
1011 3265 1058 3318 rb.

115 3344 146 3392 ti
165 3356 232 3394 cum
252 3339 314 3394 oleo
334 3339 378 3394 Pl.
434 3346 467 3395 18
486 3340 543 3394 mel
561 3357 584 3395 c.
602 3359 624 3394 r.
643 3339 661 3393 i.
680 3358 716 3393 m.
736 3355 758 3393 c.
778 3355 799 3390 r.
819 3338 848 3389 ct·
865 3351 968 3389 manna
986 3337 1044 3405 prb
1063 3336 1132 3407 (cisi

74 3462 77 3471 ,
114 3411 184 3478 quod
196 3409 314 3478 melque
326 3411 387 3480 rb):
406 3410 464 3464 mel
480 3427 624 3466 rosaceum
643 3412 672 3464 ct
690 3423 792 3462 manna
811 3406 860 3474 (sic
873 3406 962 3460 eiectio
976 3424 1045 3475 quoe
1059 3408 1132 3462 mole

113 3483 228 3549 repetita
249 3481 418 3549 oidmeatwr)
443 3482 470 3537 d.
555 3487 586 3534 19
606 3478 725 3534 cocleari
743 3478 769 3532 d.
851 3481 885 3530 20
904 3476 1035 3533 humores
1052 3478 1129 3547 prb:

114 3552 239 3607 tumores
259 3552 286 3607 d.
360 3558 393 3606 23
412 3552 492 3622 pulbi
510 3569 535 3622 p.
561 3553 565 3621 Ι
591 3572 615 3605 v.
635 3550 680 3604 die
698 3549 724 3602 d.

164 3654 234 3695 Plinii
246 3653 345 3695 iunioris
358 3654 475 3696 medicina.
962 3643 985 3688 (ἰ
