2416 3900
490 184 732 247 -164—

111 342 200 478 2ξὸῖῖ
276 353 453 409 xxvnn.
485 353 534 407 De
557 351 675 422 sinapi.

254 471 457 551 1Pythagoras
487 473 566 532 inter
597 489 631 531 ea
661 489 736 550 quae
767 477 891 550 propter
918 471 1060 530 vlrtutem
1088 477 1117 530 ct

210 561 371 620 ellrcaciam
402 559 514 641 laudat,
551 561 682 639 primum
713 560 807 639 sinapi
844 559 943 620 locum
975 557 1117 637 adsignat.

135 661 172 714 D.
210 651 295 710 cuius
319 658 454 710 naturam
478 648 585 710 medici
603 647 705 710 volunt
728 666 793 708 esse
816 647 1043 708 thermanticam
1062 647 1118 706 hoc

113 738 257 800 22183·est
284 738 455 819 caloratam,
486 737 677 816 leptyuticam
710 755 784 816 quae
817 735 896 815 quod
929 736 1042 796 invonit
1069 754 1117 795 ex-

210 834 326 908 tenuet,
350 828 556 907 epispasticam
580 844 654 905 quae
679 825 758 904 quod
778 823 1003 904 comprehendit
1025 818 1144 885 addo-c

211 923 265 976 cat.
303 916 409 975 merito
437 933 508 994 ergo
537 933 627 975 sucus
659 916 736 994 eltis,
766 916 797 974 in
821 931 879 992 quo
903 914 1000 973 omnis
1023 916 1119 973 virtus

211 1013 257 1065 est
284 1006 459 1084 constituta,
492 1005 582 1063 tantis
609 1010 729 1082 tamque
757 1004 925 1063 numerosis
959 1019 1119 1081 corporum

210 1095 290 1154 vitiis
312 1100 443 1172 praestat
466 1091 620 1152 auxilium:
651 1110 757 1152 sensus
781 1093 873 1171 acuit,
896 1091 994 1151 alvum
1017 1089 1121 1171 mollit,

211 1185 329 1243 urinam
361 1173 432 1262 olet,
469 1183 631 1249 menstruis
662 1183 802 1261 imperat,
840 1178 969 1240 calculos
1001 1179 1121 1259 frangit,

212 1278 302 1350 caput
332 1277 440 1350 purgat
472 1287 551 1330 nunc
584 1269 680 1349 palato
713 1270 912 1348 gargarizatus
943 1276 978 1328 ut
1013 1270 1120 1348 pituita
1135 1278 1159 1316 1⁰

213 1361 342 1420 crassior
359 1357 501 1439 profluat,
524 1376 604 1418 nuuc
623 1357 759 1418 admotus
778 1356 900 1417 naribus
920 1365 953 1417 ut
972 1362 1120 1418 sternuta-

213 1457 313 1508 mento
345 1449 486 1508 strictura
519 1445 657 1507 solvatur.
704 1445 855 1506 stomacho
886 1453 989 1505 contra
1023 1447 1121 1505 omnia

214 1535 402 1615 querelarum
434 1552 543 1612 genera
576 1536 734 1595 succurrit.
780 1535 951 1612 suspiriosis
984 1532 1120 1613 flegmate

213 1623 356 1685 dissoluto
389 1622 500 1683 liberos
532 1622 688 1684 hauriendi
725 1625 801 1683 aeris
833 1629 964 1702 praestat
996 1630 1121 1683 meatus.

213 1715 396 1792 serpentium
420 1710 529 1772 ictibus
552 1719 583 1771 ct
606 1713 798 1791 scorpionum
816 1729 884 1771 cum
908 1718 993 1771 aceto
1015 1714 1121 1772 tritum
1136 1720 1160 1759 15>

213 1801 356 1863 inlinitur.
385 1818 445 1860 nou
464 1799 577 1862 inutilis
592 1800 676 1861 cibus
697 1809 742 1861 est
761 1807 864 1861 contra
885 1817 998 1860 venena
1017 1799 1121 1878 lungo·

213 1909 289 1951 rum.
334 1892 465 1968 positum
498 1891 684 1949 extrinsecus
713 1895 812 1949 cutem
844 1889 872 1948 vi
904 1890 1037 1949 caustica
1073 1906 1121 1949 ex-

214 1977 341 2058 ulcerat,
369 1995 437 2038 raro
461 1977 583 2037 medicis
612 1977 648 2036 ad
677 1977 822 2037 eiusmodi
849 1975 981 2037 remedia
1003 1978 1121 2037 venien-

214 2065 308 2148 tibus,
328 2068 467 2144 quoniam
486 2083 579 2144 paene
599 2065 815 2126 intolerabilem
830 2068 953 2126 suscitat
971 2068 1123 2127 ustionem

214 2174 270 2216 noc
288 2157 346 2215 nisi
369 2157 399 2215 in
418 2156 533 2232 maguis
556 2171 590 2213 ac
609 2156 817 2215 vetustissimis
837 2156 935 2214 causis
956 2163 1018 2215 tarn
1038 2171 1122 2214 saeva
1137 2164 1163 2203 2⁰

158 2467 164 2480 .
179 2397 219 2452 at.
234 2413 339 2467 synape
352 2412 383 2467 θ,
402 2396 500 2478 sinape
513 2412 529 2450 υ
534 2436 543 2463 ,
563 2396 664 2466 synapi
681 2397 692 2450 ῖ
710 2395 812 2465 (sinapi
825 2397 881 2466 rb).
918 2401 934 2448 2
949 2395 1082 2478 adsignat
1094 2411 1124 2466 g:

109 2467 1126 2620 11111111331111311111111111111111121

110 2627 143 2664 eo
162 2610 239 2678 quod
255 2611 288 2663 υῖ
306 2609 452 2679 (leptrcam
470 2626 542 2679 quse
561 2608 638 2678 quod
654 2610 710 2679 rb).
727 2611 731 2677 Ι
747 2608 872 2664 inveniet
888 2609 934 2664 rb.
980 2614 997 2662 5
1016 2607 1126 2678 epispa-

111 2680 209 2749 sticaqr
228 2697 266 2749 θυ
286 2680 559 2750 (epyspasticamque
578 2681 600 2749 l,
619 2678 804 2750 epispaticam
818 2696 890 2750 quaa
909 2681 938 2747 b,
962 2681 1126 2761 epyspusty-

111 2768 173 2805 cam
192 2769 218 2821 q.
236 2753 271 2818 υ).
292 2755 296 2819 l
322 2752 539 2822 comprehendat
559 2753 604 2807 ab.
670 2750 889 2820 ttMerito-(8)
905 2749 1043 2805 auxilrurn
1060 2751 1126 2820 θυῖε

110 2821 211 2877 Merito
231 2837 297 2890 ergo
310 2822 398 2877 virtus
417 2822 477 2876 eius
497 2823 586 2877 omnis
605 2825 649 2878 est
665 2821 751 2876 tantis
768 2820 910 2876 insinuata.
921 2820 1048 2890 indiciis,
1066 2823 1126 2875 tan·

111 2910 196 2964 quam
210 2892 364 2948 numerosis
379 2892 502 2962 eorporis
515 2893 592 2949 vitiis
607 2894 731 2962 praestet
740 2892 875 2946 auxilium
884 2892 930 2948 ab.
967 2896 983 2945 8
998 2891 1125 2962 ucouitg.

147 2971 181 3019 10
199 2964 295 3036 palato
313 2980 364 3018 om.
382 2964 426 3019 rb.
445 2964 656 3033 {gargarizatus
674 2965 719 3033 (ec.
738 2966 896 3034 sucus)...
915 2962 1047 3017 admotus
1059 2964 1126 3032 θυῖε

111 3039 182 3091 -turn
201 3037 245 3092 rt.
302 3041 333 3089 11
360 3034 479 3090 crassior
496 3037 547 3089 ab:
570 3035 693 3106 grossior
709 3036 814 3105 θῖ(υ).1
836 3035 1061 3089 sternutamento
1078 3035 1127 3088 rb:

112 3107 147 3162 -ti
164 3110 198 3178 θῖ
217 3105 465 3176 (sternumentis).
520 3112 555 3160 14
573 3106 676 3162 liberos
693 3106 759 3175 θυῖε
778 3121 829 3162 om.
847 3106 892 3160 rt.
909 3108 913 3175 Ι
933 3107 1043 3160 meatus
1061 3106 1126 3175 θυῖε

111 3183 184 3234 -tum
202 3180 247 3234 rb.
295 3184 327 3232 15
347 3180 508 3248 serpentum
521 3177 651 3248 palmo).
667 3179 671 3248 Ι
687 3176 800 3248 ignibus
819 3177 966 3245 (suprascr.
981 3174 1096 3245 ictibus)
1110 3177 1126 3229 l.

113 3251 116 3322 l
134 3253 164 3306 et
185 3249 363 3319 scorpionum
390 3267 440 3304 om.
459 3251 477 3303 l.
499 3250 503 3316 Ι
527 3248 626 3304 tritum
647 3250 698 3303 rb:
726 3248 809 3304 tritus
831 3248 885 3316 θυῖ
912 3248 957 3315 (cf.
980 3263 1006 3302 υ.
1026 3249 1080 3318 10).

113 3327 146 3376 16
164 3337 220 3376 non
237 3322 303 3391 θυῖε
331 3337 383 3376 nec
400 3323 446 3376 rb.
506 3326 539 3374 17
558 3320 684 3375 Positum
703 3321 745 3387 ῖ.Ι
771 3320 944 3373 maastrcul.
1005 3324 1038 3373 18
1058 3317 1127 3374 eius-

109 3390 186 3442 modi
199 3393 271 3458 θυῖε
289 3391 450 3447 huiusmodi
464 3392 508 3446 rb.
556 3397 588 3446 19
608 3391 742 3460 quoniam
760 3391 826 3458 (qu—0
839 3406 889 3458 θυ,
906 3386 956 3459 lgm
968 3390 995 3456 υ)
1014 3390 1127 3459 θυῖ(υ)ε

93 3460 243 3533 quomodo
273 3464 355 3529 (nota
377 3465 450 3520 male
471 3463 666 3535 explicaturi.
726 3466 760 3515 20
779 3477 830 3516 nec
852 3459 908 3515 nisi
925 3460 1003 3531 gals
1021 3475 1128 3515 necnon

77 3537 138 3572 mer
160 3527 205 3580 ffb·
223 3531 376 3602 lach-t:
397 3539 430 3594 et
447 3538 496 3593 rb.
