2416 3900
460 135 678 199 „39-

59 297 188 378 gummi·
209 297 353 375 optimum
388 314 457 356 cum
488 298 556 357 vino
587 297 746 359 resolvitur
778 305 808 358 et
834 309 941 370 uatus.

59 386 156 447 (latur.
193 385 221 444 si
237 383 304 467 lieri
321 390 434 464 potest,
457 387 568 469 gummi
589 403 626 446 cx
646 380 808 466 amygdalis
870 389 907 444 lb.

60 476 107 537 sit.
153 469 300 533 ruborum
326 474 358 532 in
390 470 499 551 quibus
530 491 614 533 mora
644 481 808 534 nascuntur
835 484 940 548 nante.

59 559 199 623 cauliculi
231 561 328 621 teneri
359 559 540 640 tunduntur,
573 579 609 622 ex
640 561 687 623 his
717 579 808 623 sucus

32 650 252 730 sexprimitur‚
284 650 394 727 quiin
422 648 483 708 sole
512 648 548 709 ad
581 648 829 711 crassitudinem

58 736 156 799 mellis
179 738 322 798 siccatur:
344 735 393 796 hic
411 735 536 798 haustus
554 739 727 819 sanguinem
746 739 807 799 effi-

58 827 214 887 cacissime
229 823 348 885 claudit.
376 825 540 889 eorundem
554 825 808 887 ruborumcaules
835 836 939 900 talla.

58 933 96 976 ex
109 915 180 974 rino
193 919 313 973 austero
328 911 444 973 decocti
458 913 589 975 eduntur
603 914 692 994 idque
706 917 809 977 vinum
857 968 861 977 .

57 1001 174 1064 bibitur
195 1003 227 1061 in
248 1003 379 1081 potione.
416 1019 526 1063 coruus
545 1005 656 1064 cervini
679 1005 754 1065 cinis
777 1005 808 1064 iu
835 1013 940 1077 asnaa.

18 1103 46 1144 1⁰
58 1092 129 1151 vino
143 1096 244 1150 vetere
258 1096 387 1168 potatur.
423 1088 587 1152 bubulinus
605 1093 725 1170 sanguis
739 1109 808 1152 cum
835 1101 940 1164 28‚195.

60 1185 145 1239 aceto
178 1176 293 1238 modice
326 1184 464 1256 sumptus
499 1174 640 1258 (iuvat).
689 1176 808 1239 haedini
835 1188 940 1251 natac.

58 1266 214 1345 sanguinis
228 1267 359 1326 recentis
373 1274 436 1327 tres
451 1267 547 1346 cyathi
566 1285 636 1329 cum
647 1269 713 1346 pari
727 1285 807 1328 men-

30 1394 33 1398 >
58 1372 131 1415 sura
150 1354 227 1414 aceti
247 1354 396 1417 ferventes
409 1356 495 1433 potui
508 1353 625 1417 dantur.
653 1355 808 1436 coagulum
870 1357 907 1411 sla.

59 1443 218 1503 cervinum
244 1450 387 1503 exacuto
415 1441 510 1504 datur.
548 1443 706 1523 coagulum
728 1443 807 1523 lopo·
836 1453 941 1516 natet.

19 1532 162 1592 urinum
185 1528 290 1591 eodem
312 1529 409 1591 modo.

126 1712 234 1771 XXV.
256 1711 423 1769 vomicae.

127 1828 265 1891 Vomicac
291 1830 468 1909 plerumque
491 1838 652 1910 erumpunt
678 1832 711 1891 in
738 1830 808 1890 late·

59 1917 145 1980 ribus
169 1920 202 1978 in
224 1917 411 1981 membranas
430 1937 628 1997 supervacuas
645 1927 675 1980 et
693 1937 730 1979 ex
748 1918 808 1980 lan·

59 2005 207 2086 guorihus
229 2013 326 2086 natas,
357 2006 482 2068 humore
504 2016 645 2069 concreto
667 2009 808 2086 intusque

59 2111 221 2176 converso,
248 2095 300 2173 qui
322 2093 394 2155 adeo
418 2095 545 2156 fecunde
568 2095 757 2156 subnascitur
776 2102 809 2155 ut

18 2194 48 2235 ²⁰
60 2190 192 2244 nontam
202 2190 360 2243 excreetur
374 2201 463 2262 quam
473 2190 633 2245 evomatur.
648 2185 809 2260 eositaque
880 2184 896 2219 *³

60 2272 115 2352 qui
142 2288 208 2331 eam
235 2270 385 2331 fortunam
407 2271 580 2353 inciderint,
607 2278 726 2351 oportet
749 2288 808 2330 am-

59 2358 165 2421 bulare
185 2360 296 2419 vectari
315 2361 421 2440 ungui,
445 2359 540 2421 lectus
554 2368 584 2421 et
598 2362 727 2439 requies.
759 2360 810 2437 qui

134 2552 148 2600 1
165 2561 279 2615 gumma
287 2544 338 2615 θα.
358 2548 363 2613 Ι
384 2563 449 2601 cum
461 2548 527 2602 rino
540 2548 592 2617 qb:
612 2564 674 2602 cum
689 2544 809 2602 sextario
822 2543 883 2601 vini
896 2544 916 2600 cl
930 2544 990 2611 (om.
1007 2542 1074 2612 Pl).

61 2692 77 2741 7
95 2623 247 2756 {lfflc
269 2618 444 2743 &affinga
460 2614 1030 2770 ράῗιῖῗϋξῖηέοέιμέθαῗὲἷῶῗιιὲἕὲὶέο
1048 2687 1075 2767 cl:

59 2756 247 2882 qiurutucld.
265 2757 312 2814 rb.
376 2763 409 2812 12
429 2774 584 2828 sanguims:
603 2758 639 2825 cf.
656 2775 682 2813 u.
701 2758 815 2842 tendet.
835 2756 881 2813 Pl.
950 2761 983 2811 13
1002 2758 1065 2811 acet

73 2827 196 2884 mantas
209 2844 248 2897 qr
267 2827 416 2896 (ferventes
431 2832 501 2899 eqo)=
520 2830 599 2884 aceto
617 2828 770 2887 ferventia
788 2828 833 2897 (cf.
849 2827 895 2883 Pl.
914 2843 978 2882 cum
995 2828 1076 2882 aceto

60 2896 208 2968 sosipatri
230 2898 323 2954 modo'
339 2897 451 2955 fervens
477 2901 581 2968 potus).
609 2900 644 2967 cf.
664 2900 756 2956 Marc.
774 2916 807 2969 p.
827 2904 888 2957 120.
961 2902 995 2952 14
1020 2914 1076 2977 ceq-

59 2967 160 3025 vinum
176 2968 321 3038 yolum:
348 2985 399 3024 om.
419 2969 465 3025 Pl.
489 2973 494 3039 Ι
529 2987 552 3025 c.
571 2970 655 3027 datur
672 2988 706 3026 ax
728 2973 807 3026 aceto
825 2970 852 3024 el.
920 2970 962 3024 tu.
980 2966 1075 3021 Vomn·

58 3055 111 3165 ῗηθ
129 3055 160 3165 c'l:
176 3038 250 3179 ¹1}th
257 3036 1074 3181 v'‘jassncle'zes'tlml·diuostlelsnallaz)milncteericlirqgait'roffunwclasreet)etc{str)rau9s=

56 3178 222 3251 Erumpunt
239 3179 315 3235 enim
332 3180 371 3250 pl.
390 3197 405 3235 e
427 3180 563 3236 luteribus
581 3183 759 3240 membranae
786 3192 973 3248 supervacuae
1004 3192 1037 3231 ex
1055 3176 1074 3230 i.

56 3252 202 3307 mna...
239 3255 273 3307 18
287 3250 419 3321 intusque
433 3269 460 3307 r:
479 3251 683 3323 iniussimque
693 3269 724 3324 9,
742 3248 885 3306 intussim
898 3248 926 3302 sl.
963 3247 1076 3329 ltlsub-

56 3319 187 3378 nascitur
195 3337 227 3390 q:
241 3321 446 3378 subnascuntur
455 3323 486 3392 d,
499 3323 654 3378 innascitur
662 3338 686 3377 r.
722 3326 755 3375 21
767 3318 827 3388 (qui
836 3318 909 3373 hanc
918 3333 1076 3388 passionem

55 3390 115 3449 inc.
142 3396 178 3462 r).
259 3396 293 3445 22
316 3392 424 3448 vectari
439 3394 492 3463 qb:
519 3390 650 3448 vectitari
672 3391 698 3446 d.
724 3391 729 3457 Ι
755 3389 843 3461 ungui
858 3405 890 3458 q:
917 3388 987 3460 ungi
1004 3388 1074 3458 dol

55 3460 153 3520 lectus
172 3461 272 3531 (lectos
288 3464 316 3533 r)
335 3464 365 3519 el
381 3463 490 3533 requies
510 3462 570 3532 (cic)
587 3461 636 3530 qu.
