2416 3900
535 226 754 293 -40-

404 391 484 453 hunc
508 390 646 452 morbum
665 391 747 452 aiunt
771 386 937 452 sustinendi
963 396 1053 451 erunt
1076 390 1155 455 cibis

403 481 496 541 firmis
517 486 548 541 et
570 478 740 563 glutinosis,
763 478 866 540 avibus
883 478 1057 560 pinguibus,
1081 499 1153 560 ope·
1184 521 1200 567 ·

403 568 488 630 ribus
515 569 648 647 pistoriis
675 569 743 648 plus
771 585 866 648 aequo
893 566 1026 649 mellitis,
1060 577 1154 647 prout

402 660 554 737 patientur
577 657 740 717 facultates
775 696 780 703 -

289 756 375 819 30,50.
468 744 618 805 Vomicam
642 753 725 806 sanat
746 747 883 824 privatim
905 744 936 805 id
954 744 1013 804 mel
1035 746 1067 804 in
1090 758 1180 825 quoa

316 837 331 872 *
403 835 463 894 siut
485 851 556 913 apes
579 833 759 894 demortuae.
797 833 832 894 ad
855 833 935 893 hunc
954 839 1054 893 autem
1072 851 1153 894 mor·

139 925 244 992 (More.
258 940 289 994 9.
305 924 375 991 125.)
403 920 475 983 bum
502 922 572 982 lacit
600 923 710 1001 optime
737 924 819 1000 potio
846 921 934 981 haec:
966 939 1055 982 ouum
1083 940 1153 984 cru·

404 1009 476 1070 duom
502 1012 533 1069 in
560 1027 630 1070 uaso
658 1009 806 1090 funditur,
837 1017 978 1088 putamen
1011 1011 1077 1070 cius
1104 1029 1153 1071 re·

403 1098 503 1178 pietur
531 1116 603 1158 soleo
635 1096 779 1158 marrubii
811 1104 900 1177 atque
927 1099 958 1156 in
990 1096 1070 1160 idem
1101 1117 1153 1159 vas

404 1188 543 1267 coicitur,
574 1188 646 1246 item
677 1185 810 1265 repletur
842 1184 928 1244 melle
957 1192 987 1245 et
1014 1184 1153 1247 similiter
1167 1199 1194 1240 ιο

403 1274 445 1335 ihi
473 1273 612 1354 adicitur,
649 1281 679 1334 et
709 1277 751 1334 ita
777 1275 924 1353 permixta
951 1272 1152 1352 calefactaque

344 1399 348 1405 ·
404 1362 440 1422 ad
463 1371 598 1441 teporem
620 1359 693 1422 haec
712 1362 816 1423 hausta
835 1363 979 1422 vomicam
997 1369 1152 1444 rumpunt,

404 1457 545 1530 purgant,
569 1450 605 1511 ad
628 1451 784 1510 sanitatem
806 1449 984 1529 perducunt.

471 1537 554 1598 Multi
578 1537 685 1597 medici
708 1556 740 1598 se
764 1536 895 1598 medicos
914 1537 1070 1598 adversum
1092 1536 1152 1598 hoc

403 1625 514 1686 malum
536 1644 596 1685 non
619 1628 781 1686 inveniunt.
818 1643 873 1704 ego
895 1634 975 1687 cente
995 1627 1057 1685 scio
1080 1643 1152 1686 raro
1166 1637 1193 1679 no

404 1731 582 1793 quemquam
605 1713 674 1774 huic
697 1716 776 1793 pesti
802 1722 939 1793 ereptum
962 1715 1014 1792 qui
1036 1731 1069 1774 se
1091 1713 1152 1774 illis

403 1801 588 1863 credidisset.
619 1820 724 1862 verum
742 1805 782 1862 ita
797 1804 911 1862 curatio
930 1803 995 1862 eius
1013 1801 1153 1880 expedita

403 1898 449 1951 est
485 1897 520 1951 ut
556 1892 646 1950 etiam
676 1889 774 1951 hieme
811 1891 973 1969 asperrima
1009 1887 1153 1968 explicari

402 1980 497 2057 possit
506 1980 584 2052 intra
594 1977 673 2039 diem
687 1977 955 2058 quadragesimum,
968 1995 1038 2039 vene
1050 1984 1152 2039 autem

402 2065 448 2126 vel
471 2073 581 2127 aestate
600 2064 737 2127 breviore
756 2073 900 2145 tempore.
937 2065 1029 2145 aliqui
1050 2073 1152 2127 tamen
1164 2079 1193 2121 oo

316 2159 330 2192 *
403 2156 498 2215 curati
521 2161 590 2215 sunt
613 2156 691 2214 intua
717 2154 906 2233 praefinitum
929 2162 1047 2233 tempus
1070 2172 1151 2214 com·

208 2244 312 2313 (More.
326 2245 374 2313 ib.)
402 2244 550 2322 positione
574 2261 608 2302 ca
635 2260 711 2321 qnae
738 2243 816 2303 inira
843 2244 953 2321 scripta
976 2248 1035 2302 est:
1068 2259 1151 2303 man·

403 2330 545 2409 duagorae
563 2330 733 2410 hyoscyami
751 2332 811 2409 opii
831 2334 910 2391 turis
928 2329 1009 2391 croci
1031 2328 1153 2408 pondus

208 2639 324 2694 lerunt
340 2639 393 2722 pbz
412 2640 478 2694 eunt
494 2641 521 2695 ct.
589 2646 610 2694 ὅ.
625 2642 727 2695 sanant
743 2655 769 2709 9.
794 2643 799 2708 Ι
823 2639 853 2694 id
871 2638 928 2694 mel
946 2641 978 2695 ct:
996 2639 1072 2695 idest
1090 2640 1152 2710 (eie)

135 2707 193 2763 mel
209 2723 235 2778 9.
308 2715 362 2765 61.
381 2728 406 2780 q.
426 2709 571 2765 demortua
593 2726 662 2793 epea
681 2711 746 2765 sunt
763 2711 790 2766 ci.
862 2715 965 2765 evaso
982 2725 1013 2779 p:
1035 2726 1104 2765 vase
1121 2712 1150 2767 d.

171 2779 327 2835 tmmuuii
344 2795 374 2849 p:
393 2780 513 2835 marubii
531 2782 557 2837 d.
581 2783 585 2850 Ι
609 2799 639 2836 1n
657 2781 732 2836 idem
751 2798 801 2837 vos
819 2779 937 2836 coicitur
954 2795 984 2850 p:
1003 2780 1032 2834 in
1051 2780 1150 2836 eodem

134 2864 201 2905 vase
220 2850 357 2904 conicitur
375 2852 402 2906 d.
453 2857 484 2905 11
504 2851 658 2922 permixtus
677 2851 884 2919 calefactosque
903 2850 1152 2921 (calfactusquedl

135 2920 177 2989 qd
196 2920 242 2989 (cf.
261 2920 353 2977 More.
368 2938 399 2992 p.
420 2926 483 2976 125:
504 2921 598 2977 omniu
614 2922 685 2977 haec
703 2921 733 2976 in
751 2939 779 2977 se
797 2919 1002 2991 permiscentur
1018 2937 1053 2977 uc
1070 2923 1151 2992 tepe-

134 2990 211 3046 facto
228 2991 407 3060 hauriuntur,
425 2992 497 3048 miro
515 2992 598 3047 modo
617 2992 740 3048 vomicas
758 2994 894 3061 rumpunt
912 2993 978 3062 etc).
1039 2997 1072 3046 17
1092 3008 1151 3048 ore·

135 3061 270 3118 uidissent
291 3064 318 3118 d.
344 3064 348 3131 Ι
375 3062 482 3118 Verum
504 3063 611 3118 curatio
634 3062 694 3117 eiuo
716 3063 759 3118 itu
781 3079 842 3132 exp.
862 3078 885 3117 e.
909 3063 936 3117 d.
1017 3067 1051 3116 19
1074 3062 1152 3118 intra

137 3132 196 3188 dies
216 3153 265 3189 nn.
285 3135 312 3189 d.
372 3139 409 3188 20
427 3133 515 3202 aliqui
532 3135 628 3189 tamen
641 3151 669 3188 r:
688 3133 806 3203 Aliquot
824 3133 1054 3202 (interponentem
1066 3149 1151 3202 prue-

134 3204 217 3259 mo'ssu
243 3220 273 3274 9,
306 3203 414 3272 aliquot
440 3205 500 3258 eine
521 3205 672 3274 interpd)
704 3220 722 3258 a
748 3221 794 3259 me
820 3205 870 3274 qd.
943 3208 976 3258 21
1000 3202 1078 3258 intra
1098 3204 1151 3259 rb:

136 3273 210 3329 inira
223 3276 272 3344 qd.
345 3278 380 3329 22
399 3274 600 3344 Mannogorae
618 3275 727 3345 pondus
746 3275 854 3330 denarii
880 3277 910 3343 (u
928 3289 981 3344 quo
1002 3274 1105 3342 incipit
1121 3276 1150 3343 9)

132 3349 196 3412 post
218 3345 288 3400 tutio
307 3364 334 3415 p.
354 3345 380 3403 d.
399 3345 486 3412 infert
507 3346 535 3400 d.
567 3350 681 3400 aetnam
697 3350 763 3414 poet
784 3346 910 3416 nepotas
931 3345 1032 3414 mdes
1058 3345 1151 3414 (quin-

134 3415 209 3483 quies
222 3417 320 3484 iqitur)
329 3418 370 3486 pol
384 3417 493 3472 addunt
506 3420 681 3499 repetuntque
689 3416 771 3471 verbu
784 3416 894 3485 pondus
908 3414 1017 3470 denarii
1030 3414 1101 3483 (den.
1111 3415 1151 3483 d),

135 3499 205 3553 quac
217 3487 365 3542 omittendo
378 3502 432 3542 ecee
450 3488 525 3542 docet
537 3505 561 3543 o.
577 3493 612 3544 20
626 3487 799 3561 ungulorum
813 3487 871 3556 (sed
884 3486 918 3553 cf.
930 3486 1022 3539 Mure.
1033 3500 1064 3554 p.
1077 3488 1150 3555 125).
1192 3520 1197 3526 ·

172 3560 205 3610 23
225 3556 295 3625 opii:
315 3557 483 3627 opopanacis
503 3559 594 3615 Maro.
615 3559 674 3628 (qui
687 3562 831 3628 praetereo
848 3557 928 3612 addit
944 3556 1075 3625 myrrea).
