2416 3900
469 167 710 233 ..202-

188 336 246 391 tur.
283 333 371 392 tritae
395 349 432 391 ex
454 348 531 408 aqua
554 329 649 393 mulsa
671 337 817 410 potaeque
844 333 933 391 etiam
956 332 1097 392 vetustis·

189 420 280 480 simae
308 420 399 480 tussis
426 419 592 481 molestiam
621 418 734 481 sedant.
780 418 830 481 alii
856 421 943 480 tritas
970 427 1001 480 et
1028 437 1099 480 cum

89 502 94 511 ’
188 524 275 585 passo
294 507 437 569 bibendas
455 507 602 569 dederunt
624 507 660 569 ad
681 507 830 587 pulmonis
849 515 879 569 ot
901 509 1010 569 iecoris
1027 510 1098 569 vitia

95 589 131 655 (et
145 586 182 643 D·
193 597 329 658 sananda.
358 596 443 659 multi
461 599 546 658 tritas
566 615 633 658 cum
652 599 755 676 pipere
775 598 961 657 miscuerunt
977 603 1009 657 ot
1029 615 1099 657 cum

83 661 256 746 ¹³¹⁷⁹)·viuo
279 689 449 765 propinatas
472 694 574 747 contra
598 693 746 746 catarrum
766 691 796 746 et
818 693 966 746 tormenta
984 687 1124 771 ventrist

116 765 155 820 D·
193 783 222 835 et
236 777 339 836 urinae
359 774 536 836 destillantis
555 776 706 854 angustias
719 774 817 834 valere
832 782 1000 835 senserunt.
1029 793 1098 835 cum

1 925 2 929 ,
92 841 314 943 ¹²²⁷⁹axungia
332 863 379 924 vel
398 864 483 943 adipe
502 865 605 924 ursina
623 865 769 925 contritae
788 870 819 923 et
838 862 1097 942 alopeciislnlitae

189 951 363 1032 capillorum
382 952 487 1013 damna
509 954 681 1013 restituunt.
709 953 793 1012 aiunt
815 949 916 1011 oculos
938 952 1097 1015 infantium

104 1110 107 1116 ,
188 1041 354 1103 caesionum
387 1041 423 1101 ad
456 1040 586 1102 colorem
617 1043 737 1120 nigrum
767 1058 855 1120 posse
885 1042 1034 1122 revocari,
1072 1043 1097 1102 si

189 1129 310 1191 adustae
339 1148 407 1190 cum
436 1129 501 1190 oleo
532 1136 726 1190 conterantur
753 1137 782 1189 et
811 1147 846 1188 ex
874 1146 910 1188 eo
938 1127 1098 1191 cerebrum
1111 1141 1136 1181 1⁰

189 1217 310 1279 adsidue
333 1226 556 1299 perunguatur„

256 1453 325 1510 LV.
357 1396 582 1526 no⁰p1stcoio

106 1615 168 1671 ραι,
259 1588 457 1651 Pistaciorum
479 1591 574 1651 virtus
602 1597 720 1651 austera
744 1596 774 1650 et
803 1592 929 1669 styptica
951 1598 983 1651 et
1004 1609 1100 1670 prope

83 1681 340 1744 x1c102aromatis
359 1681 451 1758 gratia
470 1682 570 1740 iuncta
590 1678 751 1759 colligitur,
775 1677 902 1757 ideoque
926 1680 1015 1740 etiam
1034 1686 1099 1740 ‘sto-

18 1820 22 1824 .
82 1759 318 1828 (Vsfflsslmaeho
338 1767 558 1829 adcommodata
572 1768 744 1829 creduntur.
769 1768 893 1828 maxime
910 1776 1011 1828 tamen
1030 1786 1100 1830 con·

190 1997 404 2006 ffl—

116 2088 172 2157 (83)
256 2087 399 2145 Abellanae
427 2096 454 2144 et
472 2087 674 2168 ‚praenestinae
702 2102 787 2144 nuces
814 2086 914 2142 virides
947 2087 1099 2161 stringunt,
1114 2095 1140 2136 ts

191 2181 284 2229 coctae
306 2180 396 2229 autem
419 2175 516 2235 nunus.
553 2173 579 2227 iu
594 2171 657 2228 cibo
671 2178 796 2244 sumptae
811 2171 891 2244 capiti
913 2170 1036 2227 dolorem
1059 2173 1101 2226 iu·

194 2259 316 2327 eutium,
339 2257 507 2314 stomachum
531 2255 671 2312 inflatione
696 2255 875 2312 distendunt:
901 2256 1012 2329 corpori
1034 2272 1100 2312 sane

191 2340 384 2416 pinguedinem
412 2341 568 2399 conferunt.
606 2340 693 2397 nuclei
721 2356 812 2395 earum
840 2339 897 2396 triti
924 2355 987 2396 cum
1014 2340 1101 2395 mulsa

191 2427 250 2499 poti
272 2433 390 2483 veterem
413 2427 510 2482 tussim
532 2433 710 2499 conpescunt.

157 2739 172 2787 2
192 2734 251 2789 Alii
267 2751 334 2790 vero
352 2736 387 2791 tr.
406 2736 451 2789 ab.
489 2734 659 2790 edederunt
676 2736 753 2803 (fro)
770 2734 861 2802 pald:
882 2749 924 2787 ·re
938 2733 983 2786 rb.
1001 2733 1006 2800 1
1022 2731 1059 2786 ud
1073 2749 1101 2801 p.

84 2803 419 2861 vintoniensem
442 2805 552 2868 (iecoris
574 2806 619 2860 hic
641 2805 726 2860 etiam
739 2808 797 2874 po).
865 2809 883 2858 4
906 2802 988 2858 trites
1011 2804 1101 2872 polo:

85 2892 136 2935 om.
154 2876 199 2932 ob.
216 2878 221 2945 Ι
236 2876 407 2932 miscuerunt
425 2878 465 2944 (-ῑ
479 2879 506 2946 o)
523 2878 615 2946 yotd:
635 2893 677 2930 -re
694 2876 739 2931 rb.
795 2880 811 2930 5
829 2874 1023 2945 propinandas
1041 2872 1100 2942 loti

28 2987 30 2990 .
85 2950 216 3003 celemon
241 2964 294 3018 po,
322 2949 462 3002 catarrum
485 2948 520 3002 td
547 2948 724 3016 (catharrum
746 2948 807 3018 rb).
890 2952 907 3000 6
936 2943 1102 3000 distillantis

84 3021 163 3089 yold
173 3020 238 3088 (rb).
285 3025 300 3073 7
318 3018 415 3073 ursina
427 3034 478 3087 pv:
498 3035 547 3073 -uo
560 3020 594 3073 Μ
603 3022 628 3087 (r
635 3020 669 3087 bl.
686 3021 691 3088 Ι
707 3017 834 3087 elopiciis
847 3033 899 3086 po,
918 3015 1068 3086 allopyciis
1082 3015 1100 3083 l,

86 3090 175 3173 -pitiis
194 3093 213 3146 d
233 3092 274 3161 (r,
292 3089 389 3162 petiis
408 3090 443 3159 b).
493 3094 509 3143 8
528 3089 670 3158 Aiuntque
689 3090 734 3143 rb.
750 3092 755 3158 l
771 3089 895 3158 dompno
907 3087 948 3142 td.
1004 3092 1021 3140 9
1041 3102 1102 3141 cee-

86 3178 204 3217 morum:
222 3179 366 3218 caesorum
379 3178 410 3232 9,
429 3167 540 3216 caesore
555 3161 615 3228 (eie)
628 3177 661 3228 c,
678 3167 807 3215 cesorum
825 3160 859 3214 td
876 3159 1035 3228 (caecorum
1048 3157 1101 3227 rb).

122 3239 156 3288 11
175 3234 292 3289 adsidue
309 3250 340 3302 9,
360 3233 472 3306 assidue
489 3249 520 3299 o,
539 3231 650 3286 assidue
668 3231 712 3286 lei:
735 3229 861 3299 quotidie
878 3231 924 3284 ab.
940 3232 945 3299 Ι
961 3241 1101 3352 perun?

86 3306 168 3375 turp
192 3304 408 3377 (gummula).
475 3305 517 3358 tit.
545 3304 588 3358 De
612 3302 744 3372 psittetie
762 3317 813 3371 pc,
841 3301 885 3356 Do
906 3300 1002 3370 psytio
1020 3301 1059 3368 l(
1086 3315 1102 3354 e

85 3374 215 3442 psistntio
232 3377 289 3446 rb).
344 3380 377 3428 12
396 3374 591 3431 Psittatiornm
611 3374 711 3442 (ciani
723 3376 751 3443 e)
769 3387 824 3442 pc,
841 3370 1055 3442 Psyptetiorum
1068 3369 1103 3424 ld

86 3443 294 3570 (Ρεὲῢὲἰοωω
311 3445 367 3516 rb).
423 3450 456 3503 13
475 3444 569 3515 gretia
586 3446 678 3515 pald:
697 3443 805 3514 gratioe
823 3443 868 3499 rb.
911 3518 915 3526 ι
935 3448 971 3496 14
988 3441 1103 3497 adcom-

86 3529 133 3568 mo
154 3532 172 3569 a
218 3534 265 3586 po.
705 3566 708 3570 ,
