2416 3900
522 176 741 241 -θὸ-

389 346 561 419 nascentem,
589 341 678 399 etiam
701 339 823 399 lomenti
842 338 958 399 assidua
981 339 1137 400 fricatione

257 438 360 501 anter.
389 427 535 488 tolluntur
554 446 590 487 ex
609 427 682 488 oleo.
719 427 860 506 pollinem
878 446 914 488 ex
937 427 1001 487 oleo
1026 435 1139 509 tempe·

274 526 361 590 2433.
389 523 457 578 rant
476 522 505 576 et
524 515 667 577 adiciunt:
695 516 823 577 extrahit
846 518 933 576 enim.
970 516 1052 577 idem
1070 517 1139 577 lacit

274 615 362 678 nepe.
391 613 420 664 et
434 607 656 665 ammoniacum.
690 604 787 664 salicis
801 622 951 665 ramorum
971 607 1139 684 primorum

391 695 517 753 cortices
541 700 707 755 exuruntur
729 711 892 772 eorumque
912 695 987 754 einis
1007 713 1044 755 ex
1063 703 1163 774 aqua⁵

258 791 362 855 2⁸‚222·
389 783 547 861 impositus
575 782 660 843 tollit.
698 789 824 843 utuntur
847 789 878 842 et
900 800 970 842 sevo
994 783 1138 845 bubulino

275 880 362 944 duel.
391 888 459 935 cum
491 873 567 931 turis
598 870 716 950 polline.
758 873 843 931 urina
872 873 952 930 canis
984 890 1053 932 cum
1085 891 1148 933 suo·

391 959 454 1019 luto
477 961 648 1039 imponitur.

457 1119 777 1194 XXV1.Podagreo
806 1122 925 1180 dolori.

277 1236 364 1299 31,72.
460 1224 580 1285 Muscus
599 1227 650 1302 qui
673 1226 705 1285 iu
720 1243 794 1303 aqua
818 1226 950 1285 nascitur
974 1227 1064 1286 tritus
1087 1228 1140 1287 im·

247 1316 364 1388 (24‚188)
392 1316 507 1393 positus
534 1313 665 1392 prodest.
702 1314 797 1373 farina
824 1312 966 1374 frumenti
998 1322 1082 1375 cocta
1106 1332 1142 1374 ex
1156 1320 1180 1360 ¹⁰

260 1413 364 1475 32,110.
393 1410 476 1462 aceto
491 1404 668 1480 imponatur.
697 1401 809 1463 utiliter
828 1401 912 1461 dolor
934 1412 1142 1482 perunguetur

394 1485 503 1569 <oleo>
536 1491 567 1548 in
596 1507 655 1568 quo
683 1490 805 1550 decocta
833 1492 892 1552 sint
925 1508 1066 1551 ranarum
1097 1493 1141 1552 in-

292 1579 329 1634 e.
393 1579 509 1638 testina.
560 1595 649 1637 ranae
685 1578 807 1639 rubetae
844 1580 918 1638 einis
951 1598 1020 1640 oum
1055 1578 1142 1660 adipe

260 1675 364 1739 aaut.
393 1673 501 1727 vetere.
529 1665 670 1744 palustris
693 1667 758 1727 lens
777 1669 910 1727 nascitur
932 1669 964 1727 in
983 1682 1059 1746 aqua
1081 1686 1144 1729 non

393 1753 559 1833 profluente
564 1803 573 1834 ‚
593 1756 814 1834 refrigeratoria
828 1758 891 1816 sinc
907 1759 1143 1836 comparatione:
1157 1759 1182 1800 1⁵

393 1843 465 1903 haec
485 1844 647 1922 imponitur
666 1843 712 1903 vel
732 1863 786 1923 per
805 1863 835 1903 se
858 1846 985 1905 contrita
1009 1844 1055 1905 vel
1073 1863 1145 1906 cum

279 1942 365 2004 3097,
394 1931 520 2010 polenta.
558 1931 642 2009 adipe
662 1934 794 2010 viperino
814 1931 906 2011 pedes
924 1940 1143 2012 perunguntur.

129 2029 216 2093 30,78.
242 2022 265 2056 *“
278 2021 366 2093 (2039
395 2021 537 2098 sanguine
565 2019 646 2079 milvi
675 2019 766 2098 pedes
798 2028 1015 2099 perunguntur.
1056 2020 1145 2082 ibisci

146 2101 180 2167 Cf·
194 2100 260 2156 0⁶1⁸·
270 2103 366 2170 11531).
395 2107 509 2167 radices
534 2115 632 2167 coctas
652 2126 721 2168 cum
739 2111 864 2186 axungia
885 2111 993 2170 misces
1013 2117 1042 2170 et
1066 2116 1144 2170 cata·

365 2260 368 2265 ,
394 2195 505 2276 plasma
541 2194 667 2275 pedibus
703 2199 798 2276 ponis,
850 2196 958 2257 malvae
997 2200 1142 2259 erraticae
1157 2203 1184 2243 ²⁰

202 2383 388 2452 llumentip
411 2383 617 2453 (tumentium).
690 2390 705 2438 2
725 2383 863 2439 tolluntur
886 2400 919 2437 ex
943 2383 1014 2439 oleo.
1046 2384 1144 2440 Fimus

130 2453 490 2511 columbinus-subactus
518 2453 672 2524 imponitur
693 2455 734 2523 pd
762 2454 821 2523 (pei
847 2455 937 2509 eadem
964 2471 1034 2523 quae
1055 2471 1145 2523 supra

125 2532 206 2595 pti,
214 2529 317 2579 14-15
331 2526 430 2578 iterum
442 2524 487 2579 tic
500 2526 643 2593 repetent).
671 2526 754 2579 eodem
766 2541 784 2595 9
794 2525 897 2594 (nond)
912 2526 991 2580 addit
1002 2530 1145 2595 praeterea

130 2612 199 2666 puae
217 2599 243 2651 et
259 2611 346 2664 supra
364 2595 507 2650 adduntur
529 2595 610 2651 fimus
629 2594 691 2665 apri
708 2595 754 2650 vel
778 2595 993 2664 suis—prodest
1020 2596 1074 2665 (liic
1091 2610 1144 2651 om.

130 2668 245 2735 reeens).
271 2670 275 2735 Ι
303 2665 438 2735 pollinem
465 2666 516 2736 pb:
548 2667 668 2737 pollines
690 2667 717 2722 d.
799 2673 814 2720 3
843 2664 966 2720 extrahit
992 2682 1028 2722 ec.
1051 2666 1146 2721 clavos

132 2737 177 2805 (ef.
196 2739 258 2819 sep.)
309 2738 374 2792 det
390 2738 442 2807 pb:
462 2737 498 2792 ud
517 2739 542 2794 d.
569 2741 573 2807 i
597 2737 763 2808 primorumz
782 2753 934 2807 prunorum
953 2738 977 2791 b.
1024 2743 1145 2792 fisuevo

132 2806 268 2862 bubulmo
286 2824 316 2877 9:
336 2825 401 2864 sevo
420 2807 525 2863 bubulo
544 2810 574 2877 b,
592 2808 690 2864 bubuli
708 2825 772 2863 sevo
791 2809 817 2863 d.
873 2814 888 2862 7
908 2807 998 2862 cuuis:
1017 2808 1052 2876 cf.
1073 2807 1147 2862 esini

134 2877 179 2934 Pl.
199 2883 295 2946 28,222
316 2879 419 2947 (Marc.
434 2897 465 2948 p.
480 2882 550 2947 233).
568 2883 571 2948 Ι
588 2897 637 2935 suo
653 2881 712 2933 Pa:
731 2879 791 2934 solo
808 2879 878 2948 pdb.
923 2878 965 2932 ut.
979 2897 1080 2933 xxvnu
1093 2878 1147 2931 Po·

133 2948 237 3020 degree
255 2949 346 3004 dolori
363 2967 393 3019 9,
411 2950 456 3003 Ad
474 2951 657 3020 podagricum
676 2949 801 3005 dolorem
818 2950 846 3003 d.
889 2954 923 3002 10
941 2947 1088 3003 frumenti:
1107 2950 1148 3003 oie

133 3025 158 3075 et
172 3021 264 3077 More.
274 3039 306 3090 p.
316 3025 376 3076 eto.
419 3028 450 3074 11
470 3020 630 3090 imponetur
643 3037 673 3090 p:
688 3019 832 3074 -uiturdd
848 3022 853 3088 Ι
868 3021 1059 3090 perunguetur
1067 3020 1147 3089 9(b):

133 3091 222 3162 ·gitur
230 3093 256 3147 d.
296 3097 328 3146 12
344 3092 406 3147 oleo
420 3092 488 3159 (Pa,
498 3090 532 3157 ef.
544 3092 636 3146 Marc.
647 3108 677 3159 p.
688 3093 764 3160 246):
778 3106 828 3145 om.
838 3090 930 3159 pdrb.
946 3092 950 3157 Ι
966 3088 1024 3144 sint
1032 3106 1050 3160 9
1064 3089 1147 3159 (Pl.):

134 3163 199 3218 sunt
216 3164 265 3218 do.
340 3169 372 3216 14
390 3160 523 3232 palustris
546 3162 626 3231 (Pl.):
654 3162 686 3214 In
705 3161 837 3230 palustris
860 3162 938 3229 pbr,
965 3159 999 3213 In
1017 3160 1149 3230 palustri-

133 3233 186 3288 bus
204 3235 252 3289 db.
304 3239 337 3290 18
356 3231 492 3302 sunguine
510 3231 590 3287 milvi
608 3250 635 3302 p.
654 3251 681 3301 p.
700 3248 718 3302 9
741 3232 787 3299 (el.
806 3231 890 3300 Sellip
907 3236 932 3286 et
950 3230 1023 3285 Detl.
1043 3232 1083 3286 od
1101 3231 1149 3284 Pi.

135 3310 294 3374 corruptum
312 3310 390 3373 30,78
413 3308 439 3358 et
458 3302 549 3358 Mare.
569 3319 600 3371 p.
619 3305 695 3370 246):
723 3303 767 3356 tie
790 3318 840 3358 om.
859 3303 890 3369 d,
919 3302 968 3371 qui
990 3303 1151 3371 transponit

130 3379 194 3442 poet
211 3391 236 3428 o.
255 3380 290 3429 20
313 3374 432 3444 pedibus
454 3373 542 3444 ponis.
559 3375 563 3441 Ι
579 3372 676 3428 Ebisei
692 3389 722 3443 9,
750 3372 844 3428 Evisei
861 3373 901 3427 db
930 3374 1003 3442 (cum
1026 3372 1151 3443 axungia

135 3457 186 3497 eae.
206 3443 251 3499 Pl.
274 3449 299 3500 et
318 3445 384 3502 Gela.
403 3446 453 3516 qui
474 3444 573 3500 tabeat
595 3461 629 3500 ex
646 3444 732 3512 vino).
806 3448 840 3499 19
859 3442 1034 3513 cataplasma
1053 3443 1113 3513 (eie)
1132 3459 1151 3512 9

135 3513 195 3580 (doe
214 3529 264 3567 om.
284 3514 338 3582 Pi,
357 3516 436 3570 tebet
455 3515 565 3583 Celsae).
