2416 3900
458 219 500 229 ...
546 184 676 249 37-

58 336 156 406 melle'
172 345 205 404 in
233 342 300 404 cibo
328 353 452 424 sumpta.
495 354 526 407 et
553 349 628 408 tussi
656 356 686 409 et
712 367 804 427 puru-

57 432 147 494 lentis
179 431 418 494 excreationibus
454 434 598 496 medetur.
649 435 804 497 adversum
832 449 918 514 iaco.

57 521 230 608 diuturnam
257 522 363 582 tussim
391 522 537 584 falernum
560 525 661 584 vinum
691 525 804 586 utiliter

57 609 198 673 sorbetur
229 626 345 670 merum
373 609 409 670 ab
441 613 558 674 ieiunis.
598 613 673 674 ficus
705 613 803 674 aridae
831 626 935 690 naara.

29 708 229 782 accquuntur
248 718 317 761 cnm
334 699 447 780 hysopo
466 719 503 762 ex
522 718 597 780 aqua
620 719 713 780 eaque
728 720 803 781 aqua

55 790 254 853 tussientibus
285 790 479 868 propinatur*
514 798 584 850 sunt
612 789 803 852 membranae
831 804 919 867 tota.

55 883 88 942 in
101 877 257 940 ventribus
271 878 500 957 gallinaceorum
514 897 588 958 quae
602 880 803 958 proiciuntur:

55 968 164 1029 harum
191 968 266 1028 cinis
292 966 464 1046 potionibus
492 969 647 1050 inspersus
676 967 802 1029 destilla-

55 1059 153 1119 tiones
161 1057 292 1136 pectoris
303 1064 333 1117 et
343 1056 478 1119 humidas
487 1065 585 1121 tusses
595 1062 696 1122 siccat.
710 1067 803 1121 testae
866 1063 903 1117 ιι.

17 1159 44 1199 10
57 1144 176 1208 cocleae
191 1145 300 1207 crudae
315 1148 402 1208 tritae
418 1166 486 1208 cum
500 1166 593 1227 aquae
607 1148 723 1227 tepidae
739 1167 803 1228 cya-

57 1233 116 1296 this
134 1232 232 1296 tribus
251 1234 419 1297 sorbentur.
456 1236 493 1297 ad
516 1236 805 1298 tussimsedandam
831 1247 919 1310 30,4o.

56 1325 173 1388 cocleae
194 1342 264 1385 cum
281 1326 367 1386 testis
386 1326 449 1386 suis
472 1327 558 1386 tritae
578 1323 692 1386 adiecto
716 1343 804 1385 croco

56 1413 196 1475 eduntur.
235 1431 337 1474 sevum
356 1415 456 1474 ovium
474 1413 630 1474 decoctum
650 1432 718 1475 cum
736 1416 803 1474 vino
832 1423 917 1486 eope.

55 1509 177 1564 austero
196 1503 273 1562 tussi
289 1501 433 1562 medetur.
462 1519 515 1562 ova
534 1511 617 1563 cocta
636 1520 704 1562 cum
718 1501 804 1562 melle
832 1512 919 1573 namt.

16 1603 42 1645 aa
57 1592 127 1651 trita
155 1591 187 1650 in
214 1587 280 1651 cibo
304 1589 421 1650 dantur.
458 1598 512 1651 ova
541 1591 632 1651 cruda
659 1592 805 1669 permixta
866 1591 902 1644 ιι.

56 1696 126 1740 cum
148 1679 214 1757 pari
238 1677 324 1738 modo
351 1679 431 1757 passi
458 1677 609 1739 bibuntur.
647 1678 805 1739 sandaraca
831 1686 936 1749 aaran.

56 1784 126 1827 cum
150 1768 250 1827 resina
276 1765 477 1827 terebinthina
499 1785 554 1828 ovo
582 1765 685 1826 sorbili
712 1767 805 1826 indita

56 1855 164 1916 editur.
197 1856 334 1915 ursinum
357 1854 396 1915 sel
418 1857 599 1934 permixtum
617 1872 686 1915 cum
709 1853 803 1914 melle.
832 1862 936 1925 aaran

55 1942 164 2004 salivae
180 1944 250 2021 equi
268 1941 367 2003 triduo
385 1949 502 2022 potatae
521 1944 615 2004 ternis
633 1942 804 2021 potionibus
866 1942 902 1996 ιι.

15 2043 42 2084 ²⁰
56 2049 93 2091 ex
108 2048 184 2110 aqua
199 2029 292 2091 calida
310 2039 427 2092 sanant:
446 2049 557 2110 equum
570 2033 660 2091 morti
674 2029 804 2111 tradunt,

54 2119 209 2179 bominem
227 2127 339 2180 sanant.
375 2119 476 2199 pulmo
498 2121 636 2179 cervinus
651 2136 718 2178 cum
737 2117 804 2195 gula
866 2118 902 2174 ib.

55 2206 205 2267 arefactus
227 2209 259 2266 in
282 2206 377 2288 fumo,
405 2206 510 2268 deinde
539 2214 624 2268 tusus
654 2224 690 2266 ex
718 2204 804 2265 melle

54 2294 179 2356 cottidie
198 2295 370 2356 sumendus,
408 2294 652 2364 sorbitiunculam
672 2312 708 2354 ex
731 2293 805 2353 alica
832 2301 935 2366 28331.

54 2400 126 2444 sero
145 2385 267 2462 caprino
286 2391 462 2463 perunctam
480 2383 576 2464 dabis,
598 2385 695 2463 picem
718 2381 803 2461 liqui·
831 2390 918 2454 alno.

15 2483 41 2525 ιι
54 2470 123 2531 dam
146 2472 178 2530 in
201 2488 264 2532 ovo.
300 2473 385 2532 iecur
402 2471 466 2552 lupi
485 2479 602 2532 coctum
621 2473 686 2533 esui
709 2471 803 2531 datur.
831 2479 936 2544 asana.

128 2748 277 2816 Isumpto
299 2747 371 2816 (M):
400 2749 511 2817 sumpto
534 2762 565 2815 9,
589 2749 701 2817 sumpto
720 2763 783 2801 cum
806 2711 910 2802 fabae
937 2747 1012 2815 (baec
1030 2748 1070 2802 sic

53 2817 352 2886 cucumerosque
371 2817 462 2873 faba
454 2835 485 2872 ιιι
502 2817 564 2872 cibo
582 2818 628 2872 rol
647 2835 681 2872 ex
699 2817 782 2873 melle
800 2821 920 2888 sumpta.
943 2819 1016 2873 mode
1034 2819 1068 2888 b).

98 2893 116 2941 6
143 2887 331 2956 propinantur
356 2889 405 2957 pol.
478 2888 711 2944 8distillationes
733 2890 783 2958 pel.
856 2888 1031 3014 tpeetoria
1038 2905 1069 2958 9.

52 2957 220 3027 pectinisd.
247 2959 251 3025 Ι
276 2959 306 3013 ιι
322 2958 452 3013 humidas
469 2960 560 3013 tusses
577 2959 671 3015 siccat.
690 2961 791 3015 testae:
811 2960 845 3027 cf.
863 2960 890 3013 P
943 2957 1069 3015 tumide

52 2972 334 3097 (mammarum
342 3029 388 3084 vel
397 3031 680 3087 reeenstcstalemt
700 3029 817 3086 (tecleae
827 3031 928 3086 crudae
941 3028 1068 3084 tritae...

165 3099 257 3154 tentae
275 3099 320 3154 ιιι
337 3104 434 3154 aalma
451 3101 559 3156 ιιιιιιιν
576 3118 610 3156 ιιι
630 3098 1068 3157 Ριιιι.ιοιιι.12ιοιιιιιιιιι.

113 3168 189 3225 'octo
213 3184 293 3224 croco
315 3171 410 3240 pcto).
438 3187 501 3226 cum
520 3174 652 3255 protropo
673 3173 748 3228 Plio.
823 3176 856 3224 14
878 3167 983 3224 austeri
1000 3169 1066 3240 pet}

52 3204 154 3295 ltussim
171 3255 198 3309 9.
264 3246 297 3294 16
316 3258 379 3296 cum
398 3257 481 3312 passo
495 3242 609 3325 oleique
626 3242 690 3313 pari
707 3243 791 3297 modo
811 3241 855 3294 Pl
922 3243 953 3293 17
974 3255 1067 3295 oros.

52 3308 146 3366 indica
172 3325 223 3366 ont.
249 3310 295 3366 Pl.
369 3318 402 3367 19
430 3313 517 3368 ternis
544 3314 704 3394 potionibus
727 3329 761 3366 ex
787 3327 812 3365 a.
832 3325 855 3362 c.
879 3324 928 3364 om.
950 3309 995 3364 Pl.

10 3442 12 3447 ¹
53 3384 87 3436 ιι)
105 3396 256 3450 oqunm—
223 3385 368 3437 -sanant
385 3384 437 3452 qb:
456 3399 506 3439 om.
525 3385 552 3439 ct.
575 3386 579 3452 ι
603 3382 700 3436 morti:
719 3381 790 3435 mori
809 3379 854 3433 Pl.
927 3386 960 3436 23
980 3381 1069 3438 sorbi-

10 3476 13 3497 ι
52 3450 211 3507 tiunenlam
228 3469 278 3522 pr:
308 3452 412 3510 Sorbiti
430 3453 536 3536 ungula
558 3452 655 3522 (simet
682 3452 770 3522 (pulte
794 3449 911 3507 alicacia
931 3453 995 3522 Pl..)

54 3525 87 3576 ιι
106 3538 190 3579 acuo.
209 3522 315 3595 scula
388 3530 422 3579 ιι
442 3524 501 3579 esui
518 3540 568 3593 pr.
587 3521 694 3577 usuirl.
