2416 3900
401 203 746 277 ·-201'-

116 377 230 457 potioni
257 375 451 438 reicientibus
475 377 648 455 sanguinem
676 374 904 436 saluberrimum
928 372 1022 434 credi·

116 472 180 545 tor,
212 464 322 525 tussim
345 464 461 543 mitigat
483 478 555 526 cuns
583 479 667 524 mero
693 471 805 544 potum.
851 462 957 524 eadem
981 470 1013 524 et
1034 454 1108 523 (dat

117 554 227 615 ceteris
249 552 365 614 arboris
387 553 525 633 pastibus
542 553 588 614 uis
604 554 715 614 inesse
704 551 868 633 maditur,
889 559 924 613 ut
942 538 1059 612 lolia¹¹’
1067 529 1135 598 ⁸²⁷)

117 642 164 703 sol
186 649 289 703 cortex
312 641 348 704 ad
371 649 490 722 tempus
513 641 669 721 adsumpta
686 642 820 779 aperiant
841 648 972 721 purgent
993 649 1025 702 ct

89 739 289 793 sextennent

185 914 295 972 mm.
327 917 377 972 De
399 915 565 971 abelleno

186 1030 373 1094 Abellanae
365 1052 396 1094 m
420 1032 487 1093 cibo
512 1040 646 1112 sumptae
670 1032 804 1093 dolorem
828 1032 947 1112 capiti
939 1050 1021 1093 mcu·
1057 1025 1103 1080 Pl

120 1125 213 1205 tiunt,
231 1122 416 1184 stomachum
437 1121 588 1183 inflatione
607 1120 789 1183 distendunt
818 1121 938 1201 corpori
952 1102 1067 1181 sane23
1069 1102 1121 1162 ⁷⁸·

119 1210 329 1291 pinguedinem
349 1212 517 1273 conterunt.
554 1212 649 1271 siccae
671 1212 697 1270 si
719 1210 839 1287 inraso
862 1208 945 1270 iictili
963 1215 1024 1270 tor-

90 1348 101 1358 ,
120 1306 256 1381 reantur,
274 1298 523 1361 destillationibus
541 1299 710 1379 mitigandis
724 1294 881 1359 utilissimo
896 1296 1024 1358 offerun-

794 1432 809 1478 Q

79 1546 106 1586 ro
184 1530 332 1604 Amygdala
354 1529 443 1586 dulcia
458 1528 572 1587 virtutes
587 1529 765 1587 calidissimas
777 1529 879 1586 habent
892 1537 920 1584 et
936 1529 1139 1600 nutri-(otton)

121 1623 181 1672 unt.
218 1613 303 1673 calida
318 1622 383 1672 suot
398 1613 433 1671 cb
454 1615 662 1689 pinguedinemg
683 1616 810 1672 nutriunt
831 1614 893 1689 quia
915 1629 1026 1670 carnosa

121 1707 196 1760 sunt.
233 1698 372 1773 amygdala
395 1700 515 1757 recentia
530 1700 699 1757 stomachum
713 1709 837 1757 onerent.
874 1699 946 1755 sicca
965 1714 1027 1755 cum

122 1783 248 1858 pellicula
269 1801 319 1841 sua
341 1792 460 1841 comesta
482 1785 623 1841 stomacho
648 1785 740 1855 utilia,
763 1791 886 1840 ventrem
908 1789 1027 1852 movent,

122 1867 280 1926 ebrietatem
296 1875 405 1940 arcent,
428 1885 554 1925 somnum
570 1869 681 1926 iaciunt.
718 1870 846 1924 tritorum
860 1883 922 1923 curn
937 1875 1028 1922 menta

79 1970 108 2011 no
122 1970 204 2010 sucus
226 1955 385 2028 sauguinem
401 1955 545 2010 reicientes
567 1953 649 2011 iurat.
686 1952 776 2010 nuclei
798 1952 864 2008 tosti
887 1950 945 2006 triti
967 1966 1029 2006 cum

123 2037 203 2094 melle
226 2037 281 2093 dati
304 2039 399 2093 tussim
423 2037 531 2094 tollunt.

186 2121 333 2220 Amygdala
361 2137 450 2178 amara
482 2121 597 2178 fortiora
624 2131 689 2178 sunt
716 2138 732 2177 a
757 2119 891 2177 dulcibus.
939 2118 1028 2193 spleni
1048 2116 1106 2184 (91)

121 2206 236 2264 iocineri
259 2213 287 2263 et
308 2205 404 2263 morbo
427 2207 504 2280 regio
526 2205 639 2263 nucleos
667 2207 748 2262 tritos
771 2222 831 2271 erm
854 2220 929 2260 mero
951 2203 1030 2277 potui

123 2291 196 2347 dato.
235 2292 329 2347 tritum
345 2307 407 2347 cum
421 2291 484 2348 oleo
506 2291 666 2348 instillatum
686 2289 795 2347 auribus
811 2291 948 2363 antiquam
970 2305 1030 2343 sur·

63 2374 214 2436 ecditiam
232 2374 313 2433 tollit.
343 2391 404 2432 cum
419 2392 495 2432 mero
517 2384 613 2449 potum
636 2377 732 2431 tussim
748 2375 828 2431 tollit.
858 2375 952 2430 tritum
967 2389 1030 2430 eum

123 2469 201 2517 aceto
217 2460 327 2516 vulnera
342 2461 371 2516 in
386 2467 489 2521 mento,
500 2468 564 2516 nata
579 2467 607 2517 et
627 2461 792 2534 inpetigines
807 2457 891 2515 tollit.
928 2457 1029 2531 gummi

125 2561 219 2601 eorum
242 2551 289 2600 aut
311 2544 425 2618 chymus
448 2545 539 2616 (cimas
562 2543 635 2619 eod.)
656 2561 690 2601 en
712 2560 793 2618 posca
815 2544 895 2599 datur
916 2541 1026 2615 sangui·

125 2644 185 2686 nem
207 2627 390 2685 reicientibus.
429 2624 576 2706 [hepaticis
599 2645 720 2704 congrua
742 2638 808 2684 suot
829 2635 947 2702 purgato
970 2641 1029 2682 eor·

126 2715 176 2771 tice
200 2714 229 2769 iu
252 2730 320 2787 aqua
343 2714 433 2788 tepida
456 2722 482 2770 ct
504 2715 544 2770 sio
566 2707 767 2789 comedantur]

196 2932 421 2990 treiioiontibns
441 2935 514 3003 (bic)
504 2935 557 3004 ).9
583 2932 588 3005 Ι
615 2951 638 2989 r.
657 2948 734 3004 sang.
753 2934 911 3004 prodestd.
981 2930 1139 3000 2(endom)

125 3071 189 3120 -b
217 3079 269 3120 om
292 3065 319 3119 d.
399 3065 540 3120 aectoris
546 3067 699 3154 pperbbns
722 3067 832 3151 (siem
859 3066 897 3149 (o.
922 3061 1078 3130 arborisp.
1097 3062 1138 3129 ιι).

127 3135 189 3207 lvio
208 3137 258 3192 rb·
286 3151 336 3190 om.
354 3137 410 3205 pol
431 3137 475 3204 (of.
496 3089 558 3191 Gall.
578 3132 681 3207 ὁμοίαν
700 3131 806 3206 ἔχει
777 3156 830 3203 την
848 3130 991 3216 derepto).
1055 3132 1140 3186 lod-

126 3209 240 3278 sumpio
255 3223 309 3276 go,
327 3207 512 3277 assumptol.
531 3209 701 3276 sumptori).
719 3209 881 3276 inpendo,
900 3204 1029 3275 oporinl
1046 3204 1139 3285 letp·

126 3294 176 3333 οιιι.
194 3279 302 3349 clud),
371 3279 413 3332 tit.
432 3283 458 3332 et
476 3285 492 3332 6
511 3278 658 3333 abellanae
675 3294 726 3346 go:
746 3276 872 3332 ovellano
891 3276 1006 3345 msc).
1075 3273 1140 3328 din

126 3349 291 3434 cibo—(8)
313 3349 473 3404 semotius
499 3364 549 3403 om.
574 3349 609 3418 cl,
641 3349 688 3402 ced
709 3346 772 3402 odd.
796 3349 828 3403 ιίι
849 3349 904 3414 fine
931 3363 991 3416 cop.
1018 3346 1024 3414 1
1054 3343 1142 3414 copiti

126 3423 214 3490 pald:
233 3419 284 3477 ιιι
301 3422 361 3476 rb
402 3425 418 3474 t
436 3419 581 3475 inflatione
600 3419 821 3474 stomachnmd.
838 3419 883 3473 rb.
900 3419 987 3487 loono
1006 3432 1058 3472 om
1076 3416 1102 3470 d.

127 3491 420 3549 inconcinnosef.
440 3490 566 3547 sitrb
584 3491 672 3559 Ιιιιο
690 3506 741 3561 go
761 3506 828 3546 vose
846 3489 963 3556 241le
1015 3485 1152 3538 amn&-

125 3561 278 3620 lotionibns
293 3562 448 3635 goldbb).
465 3561 640 3634 tollerentur
661 3563 691 3620 d.
