2416 3900
473 177 734 242 ,-4i-

116 344 233 405 denarii
264 340 447 420 singularum
479 358 580 401 rerum
608 341 748 400 omniurn.
790 339 864 400 haec

115 451 152 493 cx
166 433 236 492 vino
255 429 412 510 diligenter
425 437 565 490 teruntur
580 427 615 488 ad
637 427 864 506 crassitudinem

114 520 203 600 paulo
218 520 391 598 spissiorem
410 536 498 598 quam
512 517 617 578 mellis.
646 535 682 578 ex
695 515 753 576 hoc
771 515 862 576 medi·

115 615 253 670 cemento
279 608 364 668 initio
392 606 509 686 pondus
532 606 678 666 victoriati
706 607 736 665 in
765 603 863 665 tribus

86 696 228 779 ocyathis
247 712 340 775 aquae
356 694 495 756 euntibus
509 695 668 754 dormitum
683 692 781 775 datur,
794 711 863 752 mox

114 786 222 847 deinde
247 803 284 844 ex
307 783 411 844 eodem
440 782 528 843 modo
551 799 644 861 oquae
671 781 789 861 pondus
812 780 862 840 de·

113 875 200 935 narii.
250 873 346 952 prima
381 873 502 952 potione
538 871 692 950 proiectus
724 871 863 950 sentitur,

113 961 224 1024 deinde
251 960 420 1021 incredibili
446 959 523 1021 saltu
551 959 715 1038 explicatur
738 959 862 1019 curatio.

188 1244 318 1316 Liber
351 1241 575 1315 secundus.

271 1408 297 1465 1.
318 1406 485 1464 Pthtsicis.

183 1527 305 1588 Invenio
324 1526 383 1587 iam
397 1527 588 1604 desperatum
606 1527 768 1606 pthisicum
781 1545 864 1588 sana-

74 1628 101 1667 10
115 1624 183 1676 tum
204 1615 262 1676 hoc
279 1614 376 1675 modo.
404 1615 535 1676 radicem
554 1615 696 1695 decoquis
714 1618 745 1676 in
764 1618 866 1696 punici
938 1621 954 1654 *

115 1702 187 1764 mali
210 1705 337 1765 cortice:
359 1705 486 1764 mixtum
506 1722 543 1764 ex
566 1722 659 1782 aquae
679 1704 783 1784 cyatho
803 1722 864 1764 uno

116 1798 147 1853 et
180 1792 266 1852 lactis
296 1793 361 1871 pari
388 1809 528 1852 mensura
560 1792 681 1852 cottidie
714 1799 866 1870 sumptum

114 1880 239 1961 profuit.
280 1880 352 1940 utile
380 1887 426 1940 est
452 1879 590 1959 pthIsicis
617 1888 647 1941 et
677 1879 773 1958 longis
804 1879 865 1939 len·
894 1890 979 1954 2438.

116 1967 262 2049 guorilrus
276 1969 327 2048 qui
345 1975 487 2029 tenentur
505 1971 616 2028 morari
628 1971 660 2029 in
675 1967 800 2029 saltibus
813 1967 866 2029 ubi

73 2068 100 2108 1⁵
114 2059 168 2136 pix
181 2058 328 2137 nescitur,
348 2052 459 2136 <plus>
479 2074 567 2135 quam
585 2059 617 2116 in
635 2059 710 2117 mari
727 2059 865 2135 navigare

116 2152 148 2204 et
174 2146 288 2205 marino
316 2145 381 2204 loca
406 2138 534 2205 visitare.
577 2146 677 2204 cancri
708 2144 865 2204 fluviatiles
893 2155 997 2217 enne.

190 2318 204 2365 1
225 2312 350 2367 omnium
368 2312 524 2382 specierum
537 2329 619 2382 pares
637 2329 781 2368 mensures
798 2315 858 2368 tere
872 2312 1023 2382 diligenter
1037 2313 1130 2370 Marc.

152 2387 224 2438 tex
241 2382 308 2438 vino
326 2384 345 2438 d
363 2386 409 2452 (ex
427 2383 493 2438 vino
512 2386 607 2440 vetere
627 2384 744 2454 More.):
772 2399 806 2438 cx
824 2398 879 2437 uno
897 2400 923 2453 p.
1005 2385 1128 2440 3mcdi-

114 2452 240 2508 camcnti
257 2454 277 2507 d
295 2453 348 2521 (·to
365 2456 422 2523 pr).
477 2459 494 2508 4
512 2472 539 2524 p.
558 2473 598 2509 v.:
620 2454 650 2508 id
669 2457 713 2509 cst
730 2453 878 2509 dimidium
897 2454 1046 2510 drachmae
1065 2457 1130 2512 add.

115 2523 210 2578 More.
267 2528 282 2577 ⁷
301 2524 415 2593 potione
433 2525 464 2593 d,
483 2524 621 2593 positione
641 2527 697 2594 (sed
715 2525 740 2579 si
757 2542 791 2579 err
808 2526 974 2594 correctura)
991 2542 1017 2595 9.
1070 2528 1134 2582 sin

112 2594 170 2661 fine
188 2595 254 2662 (litt.
272 2593 337 2660 mci.
361 2597 390 2664 p)
412 2595 498 2649 Plinii
517 2595 638 2651 Secundi
660 2596 752 2651 Liber.
771 2597 792 2650 1.
816 2596 857 2650 Dc
880 2596 1021 2652 medicina
1039 2598 1132 2668 explic

113 2663 246 2719 feliciter.
286 2664 428 2734 Incipiunt
455 2672 517 2736 cap.
540 2665 613 2721 libri.
632 2666 666 2720 H.
688 2683 714 2736 p.
739 2668 744 2736 Ι
768 2665 893 2736 Explicit
919 2667 991 2723 liber
1018 2668 1132 2738 primus.

112 2733 260 2805 Incipiunt
278 2734 404 2805 capitulo
421 2735 488 2791 libri
504 2736 538 2790 Η.
558 2738 584 2793 d.
657 2737 699 2791 tit.
722 2736 764 2793 De
788 2736 917 2806 pthisiois
934 2755 965 2808 o,
988 2739 1033 2794 Ad
1051 2739 1132 2794 thisi-

114 2821 163 2860 cos
181 2806 210 2879 d.
281 2806 469 2876 tpthisicnm
486 2822 516 2876 p,
539 2806 709 2863 thisicumd
731 2809 805 2876 (item
826 2809 924 2878 infra).
998 2816 1032 2864 10
1050 2810 1131 2866 dcco·

112 2875 180 2945 quis
197 2891 229 2945 p:
249 2892 328 2958 -qnes
347 2877 373 2932 d.
447 2883 478 2930 11
500 2876 630 2932 mixtum:
650 2877 738 2934 mixto
756 2881 805 2949 pei.
830 2880 834 2948 Ι
860 2896 964 2949 cquae:
990 2897 1064 2950 nque
1081 2882 1132 2950 pei.

153 2950 185 3000 12
205 2946 323 3001 cottrdie
342 2946 455 3015 (cotidie
473 2949 502 3018 d)
520 2948 624 3018 sumpti
642 2953 759 3019 prosunt
771 2950 814 3020 pel
832 2951 970 3019 (qnotidie
988 2951 1132 3019 sumptum

113 3016 255 3088 [sumptui
278 3017 315 3088 b}
331 3017 399 3072 dete
422 3018 528 3087 profuit
550 3021 584 3089 r).
649 3026 683 3075 15
702 3021 751 3091 pix
768 3022 788 3076 d
806 3021 851 3090 (ec.
870 3021 988 3091 pioece):
1007 3019 1088 3089 pinus
1106 3036 1129 3074 r.

110 3086 286 3228 leun
305 3088 531 3230 eccur
550 3091 585 3160 u
606 3088 1132 3230 Η(

111 3227 210 3283 Marc.
220 3244 252 3297 p.
268 3234 332 3284 119:
352 3229 407 3295 Qui
425 3202 532 3299 phthisi
549 3231 716 3287 adficiuntur
733 3231 875 3286 maritime
892 3230 955 3284 loce
972 3227 1063 3283 vitare
1082 3230 1130 3285 dc·

109 3299 184 3354 bont
202 3301 290 3369 atque
308 3298 369 3355 illic
386 3300 507 3356 maxime
525 3304 574 3358 ubi
596 3303 645 3385 pix
669 3301 814 3357 conficitur
832 3298 1005 3354 commorari.
1034 3300 1068 3367 cf.
1088 3303 1130 3356 ed.

109 3369 195 3425 Rom.
214 3368 348 3424 Truditur
365 3371 435 3426 utile
454 3389 514 3428 esec
531 3371 646 3442 ptysncis
666 3374 695 3425 et
716 3369 807 3438 longis
825 3369 1008 3440 languoribus
1025 3372 1130 3426 morari

109 3440 144 3495 in
173 3439 294 3496 saltibus
320 3440 371 3496 nbi
415 3441 478 3498 inus
497 3441 628 3497 noscitur.
659 3441 774 3508 Aquosc
791 3455 858 3494 vcro
884 3441 914 3494 et
935 3441 1044 3497 marino
1066 3441 1130 3496 loca

110 3510 220 3568 debent
238 3511 330 3568 vitari.
356 3515 360 3578 Ι
384 3459 510 3569 &vinies
529 3514 555 3567 d.
