2416 3900
460 175 702 242 -151—

69 339 142 402 bari.
179 340 281 400 suffito
305 356 341 398 eo
365 338 542 402 seminarum
565 339 711 401 secundas
730 343 847 401 evocari
868 340 977 420 Hippo-

70 436 168 490 crates
186 433 291 489 auctor
310 433 365 487 est.
393 431 565 508 suspiriosis
580 428 700 507 quidem
718 430 772 508 p'cr
791 447 823 489 se
843 428 978 509 crudum,

70 516 162 597 aliqui
184 523 216 578 et
233 532 303 576 cum
320 514 396 576 lacte
416 519 520 579 tritum
540 516 695 579 dederunt.
732 516 849 578 Diocles
871 516 978 598 hydro·

68 607 145 686 picis
169 622 240 666 cum
261 611 422 665 centauros
442 608 569 667 miscuit.
601 604 680 666 idem
693 606 851 667 dometicis
871 605 980 668 elixum

44 693 161 756 ademi.
197 692 380 770 Praxagoras
404 693 460 755 alio
483 695 525 755 ita
548 712 621 755 usus
645 701 692 755 est
714 694 818 756 contra
841 694 979 756 morbum
1073 754 1084 773 ,

69 784 187 862 regium
218 782 249 842 in
281 782 403 860 potione
430 784 499 843 vini.
545 782 638 843 viride
671 800 739 844 oum
772 783 922 844 coliandro
951 790 981 843 et

69 870 126 932 dcc
159 869 262 931 datum
296 868 395 930 alvum
425 870 541 932 mollire
573 870 757 951 perhibetur.
808 873 914 933 tussim
951 880 981 932 et

70 960 287 1040 suspirationes
306 961 436 1037 pectoris
450 961 565 1038 mitigat
584 961 616 1020 in
635 959 700 1020 iaha
717 967 842 1022 coctum.
872 960 983 1021 elixum

69 1046 247 1127 inlitumque
258 1046 444 1126 temporibus
454 1047 549 1108 dolori
559 1049 664 1128 capitis
674 1048 846 1128 opitulatur.
865 1050 983 1110 aurium

34 1147 59 1188 1⁰
71 1134 225 1199 duonum
252 1152 344 1195 suciis
371 1154 439 1198 oum
464 1135 548 1216 adipe
578 1138 716 1197 anserino
745 1137 910 1217 tepefactus
937 1139 981 1197 in-

70 1222 215 1287 funditur.
258 1226 434 1285 raucitatem
461 1227 542 1286 vocis
570 1224 707 1286 emendat
730 1226 760 1285 in
784 1227 849 1304 piso
872 1232 924 1285 aut
951 1227 982 1285 in

70 1311 137 1374 iada
166 1319 334 1393 sumptum,
366 1320 397 1373 et
424 1313 503 1392 quod
536 1313 572 1374 ad
600 1332 702 1374 vocem
730 1315 836 1374 attinet
864 1319 982 1374 coctum

70 1399 178 1484 crudo,
202 1400 313 1461 elixum
336 1402 416 1462 sicco
440 1402 544 1463 utilius
568 1403 762 1464 existimatur.
790 1410 924 1463 tenesmo
946 1418 983 1462 ex

69 1488 167 1640 piluslppl
176 1495 296 1551 coctum
318 1489 464 1551 medetur.
501 1499 635 1555 tumores
659 1499 814 1570 suspectos
838 1508 874 1551 ex
897 1490 981 1569 adipe

33 1586 59 1629 ιδ
167 1580 218 1639 vit.
773 1604 778 1617 ·

154 1790 245 1847 Alium
266 1788 385 1847 calidum
407 1798 449 1846 est
472 1796 500 1846 et
522 1790 632 1848 deducit
653 1799 681 1847 et
702 1791 844 1866 mingitur.
882 1807 981 1865 corpo·
1001 1797 1057 1864 (56)

69 1874 144 1933 ribus
168 1874 278 1949 quidam
299 1873 403 1931 bonum
426 1882 484 1946 est,
508 1874 593 1932 oculis
615 1891 679 1931 vero
694 1876 888 1950 perniciosum.
926 1891 983 1930 mo·

69 1966 116 2017 vet
137 1959 211 2016 enim
232 1967 355 2015 ventrem
379 1966 407 2015 et
429 1956 539 2016 deducit
560 1958 588 2015 id
611 1959 685 2033 quod
712 1960 862 2030 invenerit,
890 1957 985 2015 simul·

71 2058 126 2118 que
151 2048 180 2100 et
205 2043 310 2099 urinam
336 2051 444 2101 movet.
482 2042 568 2100 oculis
597 2043 739 2118 caliginem
768 2043 839 2100 facit.
875 2052 984 2100 coctum

32 2126 59 2169 ¹⁰
72 2136 161 2185 tamen
182 2126 330 2184 invalidum
352 2135 402 2183 est.
440 2125 517 2184 indat
540 2133 630 2184 autem
651 2127 741 2184 calore
764 2143 815 2184 suo
837 2135 865 2183 et
886 2134 983 2183 ventos

70 2220 173 2270 movet.
203 2206 363 2268 seminarum
380 2213 512 2268 secundas
528 2214 632 2268 evocat.
666 2214 765 2287 potum
788 2211 899 2266 euvino
922 2225 982 2265 cum

69 2297 164 2371 pipere
187 2295 283 2352 tritum
304 2296 430 2352 ictericos
451 2304 537 2353 curat.
580 2296 750 2352 stomachum
765 2294 857 2352 laedit.
896 2292 983 2368 spicas

68 2384 127 2437 tres
154 2396 216 2437 cum
237 2378 323 2436 lasere
345 2383 392 2436 aut
414 2391 475 2438 cum
503 2381 597 2457 pipere
626 2378 687 2436 aiho
717 2380 893 2454 quartanariis
921 2374 984 2434 dato

70 2478 132 2521 cum
142 2465 207 2521 vino
217 2470 281 2520 ante
295 2465 489 2522 accessionem.
515 2466 609 2521 tritum
622 2480 682 2521 cum
698 2463 753 2520 sale
769 2464 872 2520 morsui
888 2462 983 2520 canino

33 2549 58 2591 ’i
70 2549 175 2605 recenti
195 2549 345 2622 inponitur.
375 2550 471 2606 tritum
490 2564 550 2607 cum
565 2550 628 2606 viuo
644 2552 729 2606 tineas
745 2549 847 2606 ventris
870 2555 897 2604 et
916 2544 986 2602 ium-

70 2630 162 2689 bricos
185 2630 313 2692 excludit.

74 2749 289 2759 —u-—---—--—

142 2891 157 2939 1
176 2884 283 2942 suffito:
302 2887 398 2942 suffitu
417 2887 494 2942 Plio.
511 2886 515 2958 Ι
531 2886 652 2957 ip(yp-i)
671 2889 800 2957 pocrates
818 2889 866 2956 pl.
922 2892 938 2940 3
957 2885 1094 2940 dederunt

90 2957 114 3011 l:
137 2956 242 3012 dedere
259 2958 305 3012 rb.
325 2959 331 3026 4
355 2957 497 3027 ydropiois
514 2959 554 3027 91.
614 2965 631 3012 4
651 2960 800 3014 centaureo
818 2959 928 3027 9(Pi.):
953 2971 1013 3010 rea
1031 2956 1089 3010 lrb.

67 2972 245 3099 {boneffiam
272 3029 745 3100 sicctp(atsmrpcrfproph).
805 3029 898 3084 talio
916 3043 946 3096 9:
974 3024 1042 3079 allio
1061 3025 1092 3079 lb

69 3098 115 3166 (co
123 3101 160 3167 r).
175 3101 181 3165 1
195 3097 294 3168 impr:
308 3114 359 3154 om.
369 3101 414 3156 rb.
451 3105 467 3154 6
482 3098 601 3156 viridem
614 3117 640 3171 9.
656 3103 660 3169 Ι
677 3100 819 3156 coliandro
828 3101 874 3168 pt:
890 3095 1092 3151 coriandrorb.

106 3168 197 3224 idco
214 3184 246 3240 9:
267 3169 323 3225 ficu
341 3170 402 3225 ird.
464 3176 481 3226 8
505 3171 706 3241 suspirationes
726 3173 771 3240 pl:
795 3184 872 3223 -uem
890 3167 926 3222 ab
945 3169 1092 3235 (suppura-

69 3237 163 3294 eone·
184 3240 251 3308 Pi).
305 3241 458 3296 iiinlitum
480 3258 510 3310 9:
532 3241 668 3296 illinitum
686 3243 745 3296 iob.
810 3244 843 3292 11
863 3235 1042 3292 Rsuoitetem
1058 3238 1092 3305 pi

70 3309 155 3379 (Pide
174 3309 421 3366 Beucedinemrb.
438 3315 442 3380 Ι
458 3311 532 3380 piso:
551 3311 612 3381 pisa
622 3312 686 3377 lrb,
700 3311 763 3379 ipsa
776 3324 800 3378 p.
818 3311 822 3380 1
839 3311 888 3363 aut
901 3307 931 3361 in
944 3306 1012 3361 febe
1024 3308 1090 3375 pol:
1106 3319 1108 3323 ·

68 3382 122 3435 sut
138 3381 321 3445 mneritas
339 3383 594 3437 hisoerbiodenao
612 3382 765 3450 incipito).
813 3385 846 3433 12
866 3379 902 3433 od
920 3377 1092 3448 ommied-

68 3448 146 3506 unae
159 3453 211 3575 {⁶¹
232 3453 336 3576 eittinet
352 3455 404 3508 aut
422 3455 532 3508 coctum
551 3454 600 3507 aut
622 3451 738 3506 crudum
757 3452 774 3506 i.
844 3457 877 3504 ta
897 3449 1060 3502 Thenessos
1072 3450 1101 3498 t.

83 3526 144 3579 ,15
184 3523 312 3578 inserit:
329 3523 413 3579 solvit
431 3525 449 3581 l.
