2416 3900
527 181 823 251 -114—.

196 338 287 392 XXXI
315 338 361 392 Ad
378 338 495 392 vulnera
514 337 568 392 oris
588 337 646 420 sive
664 339 803 392 tumorem
812 337 998 420 gingiuarum

182 407 285 462 XXXII
313 410 358 463 Ad
380 408 557 480 putredinem
580 408 635 463 oris
658 407 773 480 linguae
797 407 855 463 sive
878 407 989 492 palatus
1012 411 1041 465 et
1067 409 1159 480 gingi-

313 497 412 535 varum

168 550 286 605 XXXIII
312 551 357 605 Ad
374 552 493 607 fetorem
512 550 566 606 on's

155 621 287 676 XXXIIII
313 623 357 676 Ad
377 639 407 677 os
427 622 578 678 salivosum
597 623 626 676 et
643 621 783 691 lippidum

182 692 286 747 XXXV
313 693 357 747 Ad
376 710 407 749 os
426 695 456 748 et
472 693 550 748 labia

169 763 287 818 XXXVI
312 765 357 818 Ad
376 764 502 819 dentium
519 765 645 819 dolorem

155 835 286 888 XXXVII
313 835 358 889 Ad
377 835 474 890 dentes
491 835 601 892 laxatos

142 905 287 959 XXXVIII
313 906 359 960 Ad
377 905 503 961 dentium
521 907 670 962 molarium
688 905 813 962 dolorem

166 976 284 1030 XXXIX
310 976 355 1031 Ad
374 977 471 1032 dentes
489 975 605 1033 vitiosos
623 976 669 1032 vel
688 993 770 1032 cavos
872 1015 873 1018 η

234 1048 282 1102 XL
310 1047 355 1102 Ad
374 1048 561 1103 dentifritium
580 1049 609 1103 et
627 1048 723 1103 dentes
741 1047 873 1103 candidos
895 1047 1040 1102 faciendos

220 1119 284 1173 XLI
310 1118 355 1172 Ad
373 1119 471 1174 dentes
489 1119 610 1175 molares
628 1118 675 1174 vel
697 1119 732 1173 ad
751 1135 847 1175 omnes
866 1119 898 1172 ut
920 1118 978 1173 sint
1000 1117 1158 1188 incompti

208 1190 285 1244 XLII
311 1190 356 1244 Ad
374 1190 535 1246 demtionem
553 1190 664 1260 quando
682 1189 804 1245 infantes
823 1187 954 1245 (lantiunt

195 1262 285 1316 XLIII
310 1262 356 1316 Ad
373 1277 459 1316 uvam
477 1261 663 1317 distillantem
682 1262 712 1343 at
729 1261 765 1316 ad
783 1260 878 1315 fauces
887 1260 1036 1343 tumentes

181 1332 285 1387 XLIIII
311 1332 356 1386 Ad
374 1349 461 1402 sangu
462 1332 538 1388 inem
558 1349 591 1387 ex
609 1331 736 1402 praecisa
752 1348 808 1387 uva
826 1330 944 1385 nimium
961 1330 1096 1387 fluentem

209 1403 284 1458 XLV
311 1403 357 1457 Ad
373 1404 458 1458 tolles
476 1405 506 1457 et
523 1403 651 1458 tonsillas
668 1401 858 1472 reprimendas

198 1475 286 1529 XLVI
312 1474 357 1528 Ad
376 1474 499 1529 faucium
518 1475 643 1529 dolorem

181 1545 285 1600 XLVII
313 1544 357 1598 Ad
375 1546 469 1600 fauces
487 1543 676 1614 limpidandas

168 1616 284 1670 XLVIII
312 1615 357 1669 Ad
375 1617 499 1671 usturam
517 1614 647 1685 palati'
626 1633 683 1670 s1ve
702 1613 827 1669 faucium

195 1686 284 1740 XLIX
311 1687 356 1740 Ad
374 1687 491 1741 vulnera
508 1686 631 1770 faucium
650 1688 749 1756 aperta
816 1699 820 1706 ·

263 1757 285 1810 L
313 1757 390 1811 Ads
390 1774 520 1828 ynangen
539 1759 569 1812 et
586 1757 641 1812 oris
658 1757 775 1812 vulnera
793 1758 822 1810 et
841 1755 958 1826 anginas

248 1828 286 1883 LI
314 1776 457 1884 Confectio
476 1828 620 1884 diamoron
638 1844 710 1896 quae
724 1829 793 1882 facit
806 1828 843 1882 ad
861 1830 1001 1883 tumorem
1019 1826 1156 1882 faucium.

312 1901 368 1955 oris
386 1901 504 1956 vulnera
522 1901 552 1954 et
568 1898 685 1980 anginas

233 1971 283 2024 LH
310 1971 355 2024 Ad
373 1963 535 2040 ungendum
552 1969 671 2052 anginas

220 2041 285 2094 LIII
313 2040 455 2096 Confectio
475 2040 613 2095 arteriaca
631 2041 668 2094 ad
685 2040 864 2094 raucedinem
881 2039 960 2095 vocis

208 2111 285 2165 LllII
311 2112 356 2165 Ad
374 2112 458 2181 gulae
477 2114 508 2166 et
525 2111 639 2166 cervicis
658 2111 784 2167 dolorem

237 2183 286 2238 LV
314 2181 358 2235 Ad
376 2183 506 2237 humeros
523 2181 639 2236 brachia
657 2183 687 2237 et
704 2199 802 2236 manus
820 2182 929 2237 cubitos

219 2254 283 2307 LVI
309 2253 355 2308 Ad
373 2270 486 2309 nervos:
505 2254 633 2321 scapulas
653 2256 681 2308 et
700 2253 735 2307 ad
754 2251 849 2307 omnia

211 2325 287 2378 LVII
313 2324 358 2377 Ad
376 2324 498 2392 pectoris
517 2323 641 2378 dolor'em

193 2395 283 2450 LVIII
309 2394 355 2449 Ad
373 2394 473 2448 tussim

219 2466 282 2519 LIX
308 2465 353 2519 Ad
371 2463 549 2519 tussientium
568 2465 696 2534 antiquas
715 2468 744 2521 et
761 2465 908 2520 diuturnas
926 2464 1098 2520 valitudines

235 2537 285 2589 LX
313 2534 423 2590 Oximel
441 2535 478 2589 ad
495 2536 597 2604 flegma
614 2535 764 2592 incidenda

221 2606 284 2660 LXI
312 2606 356 2659 Ad
374 2607 499 2675 ptysicos

208 2677 285 2731 LXII
312 2677 357 2730 Ad
375 2677 528 2746 synthesim

195 2748 284 2802 LXIII
310 2747 355 2801 Ad
374 2747 538 2817 sanguinem
557 2751 717 2804 excreantes
736 2751 766 2804 et
783 2692 907 2819 ptysicos
926 2747 1043 2802 effectos

181 2819 284 2872 LXIIII
312 2818 356 2872 Ad
374 2819 538 2888 sanguinem
557 2819 714 2875 reficientes

212 2889 287 2943 LXV
314 2888 359 2941 Ad
378 2905 424 2943 eos
444 2891 493 2957 qui
512 2890 675 2959 sanguinem
689 2891 735 2945 uel
753 2890 788 2945 de
807 2889 952 2945 stomacho
969 2890 1016 2944 vel
1034 2889 1070 2946 de
1084 2906 1158 2946 vena

312 2958 380 3013 satis
399 2958 533 3015 emittunt

448 3131 566 3201 capita
588 3132 668 3188 libri
690 3118 840 3188 secundi.

270 3245 283 3298 Ι
310 3245 355 3299 Ad
374 3244 518 3315 pulmones

256 3317 283 3369 II
310 3317 355 3370 Ad
375 3316 525 3386 auspitium

247 3387 286 3439 ΙΙΙ
313 3388 358 3441 Ad
376 3388 518 3443 mamillae
536 3388 666 3442 nucleum
681 3388 713 3441 et
731 3403 860 3440 cancrum

230 3456 286 3508 llll
313 3458 358 3512 Ad
381 3458 506 3514 dolorem
524 3457 662 3514 stomachi
680 3474 743 3512 cum
761 3457 869 3513 accidia
887 3459 916 3513 et
938 3472 1044 3527 nausea
1067 3458 1097 3513 et
1120 3459 1157 3514 ad

302 3527 483 3587 inflationem
503 3533 532 3586 et
550 3527 736 3586 delectionem
