2416 3900
454 154 672 228 421..

122 334 217 391 vm.
239 332 408 402 Epitorae.

122 434 246 495 Cocleae
284 436 347 494 sine
388 437 540 513 putamine
577 438 664 496 tritae
701 435 802 496 inlitae
875 470 890 503 a

10 590 15 595 ,
53 524 147 585 tronti
166 540 235 584 cum
253 525 330 584 turis
343 522 452 602 polline
470 524 648 584 validissime
666 531 802 604 prosunt.

54 621 189 675 tumores
217 610 372 672 oculorum
400 611 484 672 sedat
512 612 642 674 mulsum
668 613 802 693 tepidum
830 622 937 686 alpia.

52 705 84 763 in
111 700 251 782 penicillo
279 718 370 779 super
397 703 576 780 impositum.
614 704 734 762 corticis
757 720 802 762 se·
830 712 917 774 aaut.

26 793 119 871 apiae
156 790 250 849 iarina
281 791 313 849 in
345 789 457 867 epilora
489 809 526 850 ex
562 791 637 850 lacte
671 791 803 851 mulieris

53 878 282 940 circumlinitur.
320 895 388 937 caro
415 881 541 958 peponis
564 880 687 939 mirifice
716 879 801 940 reiri-
830 881 1037 952 20‚11(om.rb)

47 975 145 1047 gerat.
197 964 262 1026 alba
298 965 366 1026 heta
403 969 473 1027 trita
506 968 597 1028 tronti
629 970 800 1046 imponitur.
830 979 916 1041 tono.

52 1055 183 1116 eundem
210 1055 350 1115 effectum
376 1054 486 1115 habent
508 1055 591 1116 bulbi
614 1059 678 1117 triti
706 1055 801 1116 oculis
830 1067 934 1129 20‚103.

52 1145 193 1224 impositi.
231 1145 297 1222 apio
319 1143 405 1202 viridi
432 1145 504 1203 trito
533 1162 601 1204 eum
623 1162 699 1223 pane
723 1135 808 1204 oculi'
830 1155 934 1216 20112,

14 1239 205 1311 roteguntur.
242 1233 338 1291 ocimo
361 1249 398 1291 ex
421 1234 490 1291 rino
513 1235 624 1311 optimo
649 1235 719 1292 trito
744 1234 800 1292 eir·
829 1243 934 1306 20,121.

11 1394 15 1407 Ι
51 1320 266 1382 cumlinuntur.
303 1328 371 1380 ruta
389 1338 457 1380 cum
477 1321 596 1399 polenta
619 1323 746 1381 contrita
772 1328 801 1381 et
829 1331 933 1393 20‚135.

50 1410 189 1488 imposita
208 1408 282 1468 lenit
304 1408 445 1468 dolorem.
482 1411 560 1469 aneti
580 1410 663 1469 radix
683 1412 800 1469 invido
828 1421 932 1482 211196.
1046 1427 1054 1439 ·

10 1550 16 1555 .
50 1499 122 1558 trita
162 1496 307 1557 inlinitur.
364 1500 519 1577 papaveris
556 1497 718 1558 cauliculus
755 1497 800 1557 vel
828 1509 933 1571 20,209.

50 1588 150 1646 sicem
183 1584 230 1645 vel
261 1584 364 1645 viridis
394 1603 461 1645 cum
491 1604 545 1645 suo
578 1586 678 1647 iructu
711 1589 800 1647 tritus
941 1581 951 1599 ¹

11 1676 224 1754 reimponitur.
262 1672 314 1732 lini
342 1673 444 1734 semen
472 1691 541 1734 eum
570 1681 638 1734 ture
661 1693 697 1734 ex
725 1693 800 1752 aqua
827 1685 933 1747 nopae.

49 1761 394 1825 tusum-circumimun
424 1762 548 1840 siliginis
563 1780 654 1841 grana
673 1764 799 1822 inferro
828 1773 933 1836 ualle.

48 1858 130 1911 tosta
152 1857 183 1910 et
202 1867 239 1909 ex
258 1852 324 1909 vino
344 1853 415 1910 trita
433 1850 690 1911 circumlinuntur.
727 1854 799 1911 item
828 1862 932 1924 aaran.

48 1937 285 1999 lenticularum
309 1939 448 2017 cydoneis
476 1946 560 2000 cocta
583 1949 613 2000 et
641 1958 700 2000 una
730 1943 799 1999 trita

49 2024 217 2087 adhibetur.
254 2025 371 2087 lentisci
401 2034 504 2087 tenera
527 2027 595 2087 lolia
619 2030 746 2088 contrita
770 2035 799 2088 et
828 2039 914 2101 24,42.

13 2114 144 2175 mironti
166 2117 305 2194 imposita
328 2116 472 2194 epiloram
491 2115 686 2194 suspendunt.
719 2133 798 2174 nian-
827 2124 931 2187 aaran

49 2202 194 2282 dragorae
213 2202 329 2263 radices
348 2212 431 2264 tusae
451 2222 519 2264 cum
538 2205 652 2263 rosacio
672 2221 707 2263 ex
731 2205 799 2262 vino

16 2295 140 2353 ‚tritae
164 2291 383 2370 circumligatae
408 2293 551 2371 epiloram
572 2300 676 2352 sanant
696 2299 725 2351 et
749 2291 798 2350 do·

16 2464 23 2477 ··
121 2444 165 2498 tit.
183 2443 226 2499 De
245 2443 350 2517 epiiorp
368 2443 398 2498 id
412 2449 427 2498 e
441 2445 477 2498 ad
496 2445 625 2500 humores
639 2445 754 2500 oculoru
772 2443 878 2499 inlusos
896 2459 927 2513 p,
945 2444 987 2498 Ad
1004 2445 1063 2514 epi·

53 2513 155 2583 plioras
168 2515 196 2569 d.
235 2521 248 2567 1
264 2512 362 2569 inlitae
376 2514 463 2570 tronti
476 2530 506 2584 9:
520 2515 607 2570 fronti
620 2515 711 2571 illitae
721 2517 749 2583 h,
764 2514 837 2588 illite
852 2518 912 2584 (om.
926 2515 1022 2585 fronti)
1036 2518 1062 2574 d.

86 2584 150 2639 lin
161 2600 213 2640 om.
228 2586 244 2639 d
259 2585 326 2653 (oon
339 2587 374 2654 r).
391 2590 396 2654 Ι
415 2587 567 2655 panniculo
582 2589 631 2641 hm.
657 2589 662 2653 Ι
687 2603 769 2655 anper
788 2587 882 2641 oculos
900 2586 966 2655 imp.
985 2589 1029 2643 rh

57 2658 72 2707 t
88 2654 230 2725 epiphoris
244 2656 281 2710 rb
300 2657 360 2725 (hoc
378 2656 415 2710 ad
433 2658 571 2711 tumorem
590 2674 631 2713 oc.
647 2658 676 2711 et
692 2658 822 2711 ruborem
841 2662 880 2712 est
896 2673 946 2712 acc.
962 2658 1030 2729 Pa).

59 2729 79 2807 t·
88 2742 124 2783 m.
139 2726 237 2781 oculus
251 2725 310 2795 (dis
324 2728 350 2796 b)
370 2727 573 2782 circumlinitur
585 2745 608 2782 r.
649 2734 682 2782 10
697 2728 959 2789 ocimum-tritum
978 2730 1066 2785 oculis

58 2796 255 2853 circumlinitur
276 2798 322 2854 rb.
395 2804 428 2853 11
448 2816 511 2852 cum
529 2800 570 2868 qd
588 2799 668 2867 (Pl.):
696 2799 726 2855 in
744 2800 790 2854 rb.
817 2798 821 2870 Ι
846 2799 968 2856 contrita
990 2803 1064 2870 prb:

58 2862 119 2921 hita
139 2868 167 2923 d.
241 2873 274 2922 12
297 2868 328 2922 in
349 2870 402 2938 pri:
431 2885 465 2924 ex
486 2871 522 2924 rb
547 2870 625 2939 (Pa).
689 2877 722 2925 13
747 2869 880 2926 caliculus
898 2888 923 2940 p.
949 2875 953 2938 Ι
980 2872 1064 2926 cauli·

38 2974 42 2979 -
60 2934 129 2992 aulus
207 2956 270 2993 cum
284 2957 305 2993 a.
315 2939 420 2995 furetur
439 2943 525 3010 eaput
539 2941 583 2997 Pl.
605 2947 609 3008 Ι
631 2941 761 2996 cauliculi
775 2942 885 2996 sicci—
895 2942 957 2997 triti
974 2942 1065 3010 impo-

60 3011 154 3069 mtur
171 3010 218 3065 rb.
292 3016 325 3066 16
343 3010 373 3064 in
390 3011 463 3066 ierro
486 3013 574 3067 tosta:
601 3013 747 3068 combusta
766 3013 811 3068 Pl.
887 3019 919 3066 1⁷
938 3015 1013 3069 tosta
1036 3012 1065 3067 at

44 3078 169 3159 'quino
182 3080 233 3135 rb:
252 3082 359 3136 testate
372 3098 407 3136 ex
420 3082 486 3137 vino
500 3098 531 3152 9,
550 3085 625 3139 tosta
643 3087 672 3139 et
690 3084 756 3139 vino
770 3085 796 3139 d.
848 3089 880 3138 18
897 3081 1064 3151 cydoneisp,

47 3146 209 3207 ¹adoneird·
224 3152 302 3220 (niis
316 3153 381 3221 pap
401 3153 538 3209 cothcniis
552 3156 589 3210 rb
604 3156 680 3225 (Pa).
706 3159 710 3224 Ι
735 3157 765 3210 et
777 3169 833 3207 una
850 3153 917 3219 (nna
929 3153 977 3221 9⁰)
991 3153 1063 3219 prb:

62 3218 164 3279 cirino
181 3224 209 3279 d.
275 3229 307 3279 19
326 3224 488 3280 adhibetur:
514 3225 683 3281 adhibentur
700 3228 760 3296 (sic)
778 3225 831 3293 pa,
860 3222 1061 3295 choretthi

61 3286 140 3349 tueri
160 3295 188 3349 d.
262 3300 297 3349 20
315 3295 463 3365 epiphoras
481 3298 525 3352 rb.
550 3299 584 3364 cf.
606 3297 682 3352 Ptin.
706 3295 793 3351 oeulis
818 3291 999 3348 inflammatis
1022 3294 1064 3348 in-

47 3354 183 3420 ¹linuntur.
257 3371 291 3419 22
318 3369 347 3421 et
371 3366 581 3437 circumligatae
599 3368 625 3421 d.
652 3369 656 3433 Ι
683 3366 833 3435 epiphoras
850 3364 895 3420 rb.
922 3367 927 3433 Ι
950 3381 974 3421 e.
989 3383 1010 3422 a.
1030 3382 1064 3420 ac

61 3434 264 3505 utrumligatae
281 3436 405 3492 dolorem
424 3438 500 3493 illico
520 3438 617 3492 sedant
631 3437 646 3489 b
666 3438 712 3503 (m.
727 3435 806 3490 radix
821 3437 904 3491 tunsa
917 3453 940 3492 c.
951 3454 972 3492 r.
988 3438 1065 3491 etex

59 3516 80 3557 r.
95 3504 165 3562 trita
182 3506 307 3577 opiferae
325 3511 407 3563 sanat
425 3511 455 3563 et
472 3508 549 3564 tollit
566 3508 691 3561 dolorem
709 3509 743 3578 r).
