2416 3900
520 162 566 220 ⁴—
616 174 679 239 190
724 211 767 220 -

134 396 137 400 ,
165 332 212 399 (D
240 356 296 418 per
323 337 380 398 hoc
408 339 561 417 stypticam
589 340 687 399 inesse
715 338 906 398 manifestum
933 350 992 419 est,
1020 339 1149 418 deinque

138 405 227 474 1,1ce)
243 426 474 506 praegnantibus
501 426 619 488 fastidio
646 425 848 487 laborantibus
871 429 937 487 esui
965 427 1067 488 datum
1090 436 1150 489 sto-

181 523 197 557 *
242 515 380 579 maehum
408 533 425 574 a
452 518 555 577 nausia
586 515 724 585 vindicat.
765 517 871 576 tritum
905 523 936 576 et
967 517 998 575 iu
1027 518 1151 594 potione

243 607 305 665 vini
327 604 429 665 datum
450 603 522 665 lieni
543 603 694 685 medetur,
721 594 852 682 querelis
878 606 986 664 iecoris
1010 607 1152 687 occurrit,

244 711 320 772 aqua
342 695 447 754 tritum
469 700 499 754 et
521 695 691 773 inspersum
709 692 817 753 timidis
835 691 1008 754 vuirreribus
1031 692 1178 754 adhibe-o

244 789 302 843 tur.
343 781 412 842 inde
439 781 634 860 pernionibus
662 799 698 842 ex
725 799 760 841 ea
791 781 940 860 singulare
967 781 1152 861 praesidium

182 876 198 909 *
243 878 297 931 est.
325 871 431 930 cortici
445 872 592 931 austerior
605 878 711 931 natura
725 887 867 930 concessa
890 879 948 951 est,
967 887 1043 949 quae
1059 888 1151 949 quan-

156 952 229 1019 (θαί
248 967 313 1019 tum
340 958 434 1018 valeat
460 961 550 1019 etiam
576 959 613 1018 de
644 961 710 1038 ipso
738 957 829 1018 odore
858 965 994 1020 testatur.
1035 958 1151 1020 modice

160 1025 177 1077 l.
192 1025 225 1092 θ’)
248 1055 385 1126 sumptus
408 1054 459 1108 aut
480 1049 594 1126 potioni
617 1047 727 1108 calidae
755 1046 867 1108 diutius
889 1049 1039 1108 inmersus
1061 1047 1151 1109 bene-

238 1137 311 1197 ficia
325 1143 457 1196 maturae
471 1137 645 1215 digestionis
659 1142 808 1214 operatur.
837 1135 1061 1196 medicamentis
1075 1155 1151 1215 quae
1166 1150 1191 1189 1⁰

244 1224 398 1304 purgando
426 1226 523 1285 ventri
550 1232 765 1304 praeparantur
792 1242 883 1285 sucus
911 1226 975 1284 eius
1004 1224 1152 1286 admixtus

244 1313 423 1391 turbationis
445 1313 613 1392 periculum
635 1313 735 1373 demit.

310 1401 358 1462 Fit
376 1420 412 1462 ex
431 1404 516 1463 citrio
536 1401 634 1462 nobile
656 1401 820 1462 antidotum
838 1400 1049 1482 tussientibus,
1073 1401 1152 1480 quod

211 1543 213 1548 .
246 1492 351 1550 eximie
388 1499 493 1569 pectus
526 1496 675 1550 exonerat.
721 1490 888 1567 diaprasion
920 1488 1041 1567 quidem
1074 1490 1152 1569 apud

245 1578 376 1638 medicos
408 1579 464 1638 hoc
492 1587 627 1660 vocatur,
660 1577 711 1638 sed
744 1580 875 1638 maxima·
897 1579 991 1637 virtus
1024 1579 1090 1638 eius
1122 1581 1153 1638 in
1167 1591 1193 1632 1⁵

245 1668 331 1727 citrio
356 1669 516 1728 constituta
539 1676 593 1728 est.
630 1666 660 1727 id
684 1668 763 1726 varie
788 1665 907 1744 quidem
931 1665 1008 1746 apud
1033 1667 1152 1748 multos,

244 1772 348 1816 verum
377 1755 527 1834 explorata
555 1763 585 1816 et
612 1762 732 1834 recepta
764 1754 910 1815 eiusmodi
939 1756 1153 1833 compositione

248 1845 413 1905 conficitur.
442 1846 521 1905 citrii
541 1878 583 1886 -
598 1859 649 1925 vr,
672 1841 816 1903 marrubii
837 1876 875 1884 —
896 1857 923 1925 1,
945 1843 1051 1922 hysopi
1072 1877 1110 1885 —
1131 1858 1153 1924 Ι,

246 1933 344 1992 inulae
368 1966 412 1974 —
435 1947 461 2014 1,
493 1931 674 2012 glycyrhizac
702 1965 744 1974 -
768 1945 795 2013 1,
826 1932 908 1991 iunci
935 1930 1044 1991 radicis
1069 1946 1154 2013 -1,

246 2019 328 2099 pulei
351 2021 387 2081 ic.
406 2021 457 2102 W,
480 2023 558 2081 roris
577 2023 684 2081 marini
703 2021 746 2080 sc.
765 2033 816 2101 vr,
839 2020 925 2099 pinea
947 2021 1063 2099 integra
1086 2038 1155 2101 una,
1167 2034 1194 2075 20

246 2108 392 2189 palmulae
420 2116 516 2170 tostae
544 2125 620 2192 xxa,
652 2111 765 2170 caricae
789 2122 865 2169 xxl:
897 2109 970 2168 baec
997 2111 1097 2168 omnia
1123 2111 1155 2169 in

153 2261 163 2277 y
248 2216 354 2277 aquam
382 2198 532 2259 fontanam
559 2199 757 2259 infunduntur
785 2204 815 2258 et
846 2195 887 2257 ibi
919 2196 967 2256 die
1000 2214 1034 2256 ac
1066 2205 1154 2257 nocte

216 2463 229 2510 1
249 2457 370 2526 deinque
384 2473 444 2527 epo:
472 2455 593 2525 denique
611 2457 721 2526 qipd).
746 2457 780 2521 ef.
799 2472 823 2510 o.
843 2461 859 2510 6
877 2455 950 2510 inde.
1019 2460 1034 2508 2
1055 2453 1157 2509 Semen

142 2527 363 2598 praegnantibus
382 2532 411 2583 et
429 2528 448 2582 i.
471 2529 512 2584 sic
528 2527 629 2596 incipit
646 2528 673 2582 d.
695 2529 699 2595 1
725 2525 803 2582 eesui
820 2542 846 2596 p.
909 2531 926 2578 4
944 2523 1077 2594 querellis
1094 2541 1120 2594 y.

143 2605 159 2652 6
180 2614 213 2652 ex
232 2616 266 2654 ea
282 2600 353 2669 yid:
372 2614 422 2653 om.
441 2600 487 2655 rb.
504 2601 508 2668 Ι
524 2597 707 2669 praesidium:
725 2597 880 2652 remedium
898 2613 921 2651 r.
977 2601 1074 2650 7—10
1092 2597 1157 2650 baec

142 2674 284 2724 contracto
301 2671 367 2726 ind
384 2669 485 2726 Cortex
502 2668 566 2725 citri
584 2687 621 2724 m.
636 2669 693 2739 dig.
707 2669 797 2724 benef.
816 2669 954 2738 operatm.
1010 2672 1027 2721 8
1046 2665 1081 2720 de
1095 2665 1157 2737 ipso

143 2739 228 2794 odore
242 2741 274 2809 pl
283 2740 360 2810 (Νι
378 2741 439 2865 ipso
454 2738 550 2796 dolore
564 2740 609 2796 rb.
626 2742 630 2807 Ι
646 2739 696 2809 qui
713 2739 822 2794 modice
836 2739 881 2793 rb.
927 2743 943 2792 9
958 2737 1125 2792 beneficium
1139 2738 1157 2790 l.

179 2816 213 2864 10
237 2811 364 2866 maturae
407 2812 444 2882 ig.
468 2811 603 2866 beneficia.
625 2812 669 2866 rb.
732 2817 765 2865 13
784 2809 831 2864 rit
849 2814 896 2864 etc.
919 2809 984 2862 boec
1006 2823 1057 2863 om.
1076 2810 1103 2863 d.

145 2887 178 2935 14
193 2881 347 2937 exhonerat
359 2883 401 2951 pi.
418 2885 422 2950 Ι
438 2883 647 2952 Di(y)aprasion
660 2881 774 2951 quidem
787 2881 833 2950 pi:
852 2879 1007 2945 labrssion,
1021 2878 1098 2947 quod
1111 2879 1155 2932 rb.

178 2956 211 3007 15
234 2952 356 3008 maxima
378 2953 425 3022 ql:
454 2969 511 3008 -me
528 2954 574 3008 rb.
647 2957 681 3006 18
709 2951 870 3007 conficietur
892 2952 909 3003 l.
931 2953 936 3014 ι
962 2947 1044 3003 Citrii
1063 2954 1107 3004 .v‘1.
1130 2965 1156 3017 9,

143 3022 218 3079 eitrii
227 3026 262 3092 αζι
272 3044 317 3080 .v1.
330 3026 352 3079 t:
367 3023 471 3094 Recipe
486 3023 576 3093 eytrei
590 3023 683 3092 (cytrii
691 3025 716 3092 r)
730 3022 843 3077 unciam
856 3037 940 3075 unam
949 3021 995 3075 rb.
1013 3021 1017 3086 Ι
1032 3021 1115 3090 ysopi
1124 3021 1157 3089 pl

141 3094 225 3165 (isopi
242 3099 282 3163 r),
301 3093 415 3166 hyssopi
433 3096 457 3152 b.
509 3101 542 3149 19
557 3094 652 3149 inulae
665 3109 696 3163 p:
715 3093 820 3149 enulel
839 3091 949 3162 (enulae
966 3091 1022 3154 rb).
1040 3093 1044 3159 Ι
1059 3090 1156 3162 glycy-

140 3166 235 3222 rhizae
254 3167 341 3234 (Ptin.
361 3167 458 3237 Aepy:
477 3164 642 3236 glicynizee
655 3180 686 3235 p,
703 3165 849 3235 glyryreoe
863 3165 886 3231 t,
904 3160 1056 3233 glyoirizae
1074 3163 1120 3216 rb.

141 3243 175 3292 20
193 3238 275 3293 Pulsi
293 3245 322 3293 s'o
340 3258 377 3293 vr.
395 3254 426 3320 p:
444 3237 532 3308 puleii
551 3241 601 3292 so'r.
620 3257 657 3292 vr.
677 3238 694 3292 l.
717 3238 720 3304 Ι
743 3233 824 3290 Roris
841 3231 944 3288 marini
961 3235 991 3288 ᾗ
1009 3253 1040 3288 v1
1057 3233 1155 3303 p(rb):

140 3325 190 3364 om.
210 3312 227 3364 l.
245 3314 249 3378 Ι
265 3310 377 3380 pineam
394 3310 535 3379 mtegram
552 3325 638 3362 unam
656 3309 694 3376 (.1.
713 3306 743 3376 l).
779 3304 922 3361 Palmulas
944 3306 1034 3360 tostas
1053 3305 1155 3373 (costas

140 3379 187 3448 rb)
203 3401 264 3436 ,ιη
295 3379 531 3450 carices.u1.pl
551 3380 606 3447 rb).
639 3378 747 3433 correct
763 3391 865 3432 casum.
911 3379 944 3429 al
963 3375 1042 3430 Haec
1056 3374 1155 3443 (Hecl)

140 3450 185 3570 pp:
207 3468 280 3573 puae
294 3452 342 3575 gb.
363 3453 368 3520 Ι
391 3451 423 3505 in
445 3466 518 3520 aqua
552 3451 656 3505 oritana
672 3448 780 3520 pleb),
844 3453 878 3502 22
901 3445 1089 3501 infunduntur
1109 3445 1155 3514 pt:

143 3535 209 3573 ·an
222 3538 288 3575 urr
312 3562 317 3574 .
