2416 3900
489 209 708 274 ..44-

229 384 332 449 2ο,122.
361 372 439 435 liniti
461 374 557 433 ventri
580 371 657 433 hene
676 371 820 433 molliunt.
857 379 888 433 et
901 372 1032 432 ocimum
1053 374 1109 433 tri·

163 499 168 513 1
228 474 332 538 tuam.
361 470 425 523 tum
452 463 624 540 impositum
654 461 837 540 praecordiis
868 460 999 540 prodest.
1042 478 1109 521 sex·

360 552 455 611 tarius
483 550 593 609 farinae
626 547 678 609 lini
706 551 841 630 seminis,
873 549 1019 608 sextarius
1047 548 1112 609 leui

361 640 473 720 graeci,
500 655 570 699 oum
590 639 655 717 pari
683 654 823 699 mensura
846 635 941 696 mellis
970 654 1007 697 ex
1033 655 1112 717 aqua

360 726 456 788 mulsa
488 727 603 787 decocti
635 725 721 786 calidi
752 727 947 804 imponuntur
979 727 1137 805 scopinae

215 817 333 890 (20256)
361 815 451 894 aliqui
483 815 597 876 malunt
632 813 754 874 feniculi
786 815 909 874 farinam
943 831 1012 873 cum
1042 816 1111 894 pari

362 921 501 964 mensura
524 903 619 964 mellis
642 901 810 982 decoquere
829 908 859 963 et
881 903 922 963 ita
944 903 1110 981 imponere.

229 1003 333 1067 23,101‚
362 991 485 1072 cydonia
517 992 608 1052 cruda
640 991 686 1052 vel
719 999 803 1052 cocta
830 991 925 1051 ceroti
956 989 1045 1051 modo
1076 991 1109 1050 in

361 1099 458 1162 panno
490 1080 656 1142 inlinuntur
688 1087 718 1142 et
755 1079 894 1141 calefacta
924 1077 1108 1158 praecordiis

246 1181 333 1246 atur.
362 1189 452 1252 super
479 1173 680 1251 imponuntur.
722 1171 802 1231 acori
834 1168 917 1229 radix
944 1176 1011 1229 tusa
1038 1174 1151 1230 cum'lo

246 1270 333 1335 30,48.
361 1263 429 1321 vino
457 1261 660 1322 efficacissime
683 1259 813 1339 prodest.
849 1260 875 1319 is
902 1275 977 1337 quos
1000 1257 1111 1338 linquit

362 1351 477 1410 animus
492 1358 542 1410 aut
556 1344 709 1429 <quihus>
728 1366 812 1410 mens
826 1347 971 1410 alienatur
986 1347 1109 1429 quihus·

361 1456 419 1517 que
446 1440 606 1516 vertigines
633 1439 708 1498 dunt
735 1439 851 1500 cocleae
880 1439 1011 1518 singulae
1040 1454 1110 1499 cum

363 1544 415 1587 sua
434 1534 511 1587 testa
525 1530 611 1589 tritae
631 1547 668 1589 ex
686 1530 766 1607 passi
789 1527 900 1607 cyathis
919 1530 1014 1588 ternis
1033 1525 1108 1587 cale·

267 1617 272 1628 '
292 1659 297 1672 .
362 1615 438 1676 lacta
452 1619 572 1695 potione
585 1636 641 1696 per
655 1617 717 1677 dies
732 1630 797 1678 vm
816 1615 932 1677 dantur.
959 1619 991 1676 in
1006 1615 1110 1677 eadem
1124 1625 1150 1666 1⁶

363 1706 514 1765 curatione
538 1704 722 1784 aliquidaut
748 1723 803 1784 per
831 1705 894 1765 dies
922 1706 1054 1783 quinque
1077 1705 1110 1764 in

362 1792 468 1854 eodem
480 1792 568 1854 modo
586 1796 666 1874 passi
684 1796 780 1873 primo
800 1793 847 1853 die
867 1792 997 1853 cocleam
1011 1808 1110 1873 unam,

362 1883 499 1960 sequenti
517 1882 606 1963 duae,
628 1884 718 1942 tertio
738 1897 791 1964 111,
815 1888 921 1959 quarto
940 1895 980 1961 11,
1004 1882 1109 1959 quinto

274 1972 289 2005 *
361 1987 464 2029 unam:
497 1972 540 2030 sic
568 1972 696 2050 suspiria
722 1970 873 2030 tollentur.
914 1971 945 2029 in
967 1967 1016 2029 his
1047 1967 1108 2028 lan·

362 2056 506 2136 guoribus
521 2059 547 2118 si
561 2056 653 2118 febris
667 2075 726 2118 nou
747 2060 785 2118 sit
803 2060 916 2118 marina
930 2074 1006 2136 aqua
1018 2056 1111 2117 lavari
1124 2067 1152 2108 ²⁰

247 2154 335 2217 30,47.
362 2144 435 2225 utile
459 2154 513 2206 est.
549 2147 673 2207 iocineri
700 2147 823 2226 prodest
845 2147 876 2205 in
903 2145 970 2206 cibo
993 2146 1111 2204 viverra

256 2243 336 2307 30,44
362 2233 487 2312 porcelli
505 2234 593 2294 modo
610 2237 745 2295 inassata.
779 2233 931 2294 stomacho
951 2231 1109 2293 medentur

96 2313 335 2384 (cflMar⁶·P·148)·
364 2321 480 2382 cocleae
513 2324 539 2381 si
570 2322 635 2382 sreri
665 2330 765 2401 potest
800 2323 946 2382 africanae
977 2323 1008 2381 in
1040 2319 1108 2380 ciho

364 2416 512 2488 sumptae:
527 2418 696 2489 coquuntur
710 2413 838 2471 intactae
852 2429 888 2470 en
898 2427 987 2491 aqua,
1001 2407 1108 2469 deinde

362 2515 399 2556 ex
421 2499 527 2576 prunis
550 2505 718 2579 torrentur,
740 2505 812 2559 tunc
835 2517 872 2558 ex
892 2500 960 2558 vino
983 2504 1013 2557 et
1036 2514 1107 2575 garo
1123 2508 1151 2548 2⁵

362 2584 505 2667 eduntur,
541 2586 647 2665 impari
678 2604 803 2648 numero
836 2585 979 2647 stomachi
1013 2584 1109 2645 dolori

246 2683 333 2745 eoae.
362 2673 531 2736 medentur·
565 2683 692 2754 prosunt
714 2677 795 2736 vivae
824 2674 940 2735 cocleae
965 2692 1001 2735 ex
1025 2680 1108 2733 aceto

167 2919 182 2967 1
201 2911 294 2968 ventri
310 2930 329 2984 9
347 2914 428 2983 (Pap
446 2917 573 2970 ventrem
592 2917 618 2970 d.
670 2923 685 2971 2
705 2917 735 2971 et
746 2915 904 2985 inpositum
922 2915 950 2969 d.
995 2920 1011 2968 3
1030 2913 1109 2968 ienu-

94 2984 171 3056 greci
189 2985 216 3040 d.
289 2991 305 3039 6
323 2984 439 3040 feniculi
457 3002 473 3039 r
491 2986 536 3053 (cf.
557 2986 649 3041 Marc.
664 3004 695 3057 p.
717 2989 792 3069 152):
810 2986 868 3040 ieni
886 2983 964 3055 greci
980 3001 1007 3054 9,
1030 2984 1109 3039 fenu-

114 3055 172 3113 reci
190 3056 217 3112 d.
254 3054 416 3125 acydonia
433 3073 463 3127 q:
483 3055 606 3111 Oidonea
624 3057 650 3113 d.
696 3056 889 3112 tillmiuntur
907 3056 933 3111 d.
981 3061 1014 3111 10
1034 3054 1111 3110 acori

125 3127 384 3198 l.=aceris9d().
458 3133 490 3180 11
510 3130 547 3181 is:
574 3127 626 3182 His
647 3129 697 3198 qd.
771 3134 803 3182 12
823 3127 925 3197 quibua
953 3126 1111 3181 addidiex
1165 3132 1169 3137 '

96 3198 187 3255 Maro.
203 3200 332 3270 (quorum
348 3197 412 3269 Pa).
430 3199 434 3267 Ι
454 3213 532 3252 meus
546 3198 686 3254 alienatur
701 3199 746 3253 Pl.
765 3199 869 3267 (Marc.
879 3215 911 3268 p.
927 3199 1002 3266 152)ε
1021 3212 1109 3251 maus.

96 3270 124 3323 et
141 3269 301 3326 alienantur
319 3270 392 3338 dir).
452 3275 486 3322 14
506 3284 540 3323 ex
557 3270 634 3337 passi
651 3269 760 3339 cyathis
780 3291 830 3326 .111.
849 3286 872 3324 r.
934 3274 967 3324 18
987 3266 1111 3323 secundo

96 3337 141 3392 die
161 3360 199 3394 .11.
218 3342 244 3397 d.
317 3347 349 3396 21
374 3339 486 3396 ineibo
509 3355 559 3395 oro.
579 3340 606 3394 d.
632 3342 636 3408 Ι
661 3340 832 3411 vivarraqd
854 3339 1040 3410 (vivariarb,
1067 3337 1110 3392 vi-

95 3424 178 3463 verra
196 3410 268 3479 duh
326 3417 359 3466 22
380 3411 525 3468 stomacho
543 3410 679 3470 medetur.
708 3410 807 3467 Coelae
820 3412 861 3481 qd
879 3412 915 3481 (et
931 3411 971 3466 aie
984 3409 1067 3464 edom
1081 3425 1109 3462 r:

96 3478 297 3547 stomachoque
315 3482 451 3538 medetur.
483 3482 521 3538 Et
537 3482 607 3537 item
626 3482 681 3537 sii.
696 3500 722 3552 p.
738 3480 850 3537 cocleae
868 3484 933 3551 eta).
984 3484 1019 3533 23
1033 3477 1111 3532 affri-

80 3560 153 3598 care
169 3549 199 3600 a&
274 3555 310 3603 26
330 3555 474 3608 torrentur
489 3570 510 3626 9
529 3553 611 3625 (Pl.):
629 3552 801 3621 torrentibus
818 3555 947 3608 assantur
964 3552 992 3605 d.
