2416 3900
540 241 581 249 -
631 204 693 306 17¹8
740 242 782 249 -—

252 485 255 490 ⁴
277 425 279 429 ’
329 406 399 462 XL.
433 407 482 462 De
504 405 590 475 piro.

163 501 253 640 2337·
330 525 471 596 Pirorum
493 531 630 585 naturam
653 523 841 585 Dioscorides
864 527 1021 605 stypticam
1043 527 1172 589 credidit

183 667 186 671 .
264 621 294 675 et
316 613 384 674 ideo
408 615 536 674 contrita
562 615 690 693 inposita
708 615 838 693 impetus
861 631 964 675 omnes
986 616 1172 677 incurrentis

262 704 375 764 umoris
409 711 543 763 avertere
575 720 669 781 eaque
701 704 815 763 ratione
853 720 1044 783 compescere
1083 706 1170 765 etiam

200 797 216 830 *
263 808 338 869 quae
362 791 398 851 de
421 799 538 852 tumore
563 789 677 852 sublata
704 798 781 851 sunt.
819 790 992 852 recentibus
1015 800 1098 854 certe
1122 793 1169 854 ad-

262 887 341 940 mota
360 879 532 940 vulneribus
551 882 658 940 sistere
677 881 852 957 sanguinem
870 880 1084 962 profluentem,
1103 893 1193 961 per-⁵

154 960 376 1028 efflat-ducere
399 969 506 1028 viduus
529 967 565 1028 ad
589 970 765 1028 cicatricem.
799 967 930 1030 Galenus
951 987 1011 1030 non
1029 988 1121 1030 tinam
1138 972 1169 1030 iu

64 1096 68 1103 »
153 1036 262 1158 Χγῇἓὲζ
275 1058 349 1136 piris
376 1057 427 1117 sed
452 1056 648 1135 expluribus
676 1058 797 1117 mixtam
821 1065 907 1136 putat
930 1076 996 1119 esse
1019 1059 1168 1119 virtutem.

155 1105 242 1246 (uim
260 1105 339 1206 )nam
363 1145 507 1224 quaedam
525 1164 562 1206 ex
581 1147 607 1205 is
625 1153 743 1205 austera
762 1147 912 1224 quaedam.
923 1147 1006 1207 acida
1025 1147 1168 1226 quaedam

210 1209 233 1246 θ’
262 1234 359 1295 dulcia
382 1233 586 1313 deprehendit.
630 1236 757 1295 austeris
784 1235 905 1313 quidem
931 1252 1021 1314 posse
1044 1234 1168 1296 concedi

262 1333 296 1383 ut
319 1325 443 1402 styptica
471 1330 502 1383 et
530 1324 720 1382 constrictiva
743 1322 906 1385 videantur.
949 1323 1041 1384 acidis
1070 1332 1168 1386 autem
1181 1335 1202 1374 1⁰

261 1413 360 1471 inesse
384 1412 494 1490 aliquid
518 1417 548 1471 et
566 1410 686 1490 caloris,
709 1411 787 1472 unde
806 1412 982 1491 plerumque
1004 1411 1168 1473 dissolvunt

263 1500 413 1560 stomacho
442 1499 647 1560 inhaerentem
675 1499 820 1579 flegmatis
848 1502 1034 1562 densitatem.
1071 1501 1167 1561 dulcia

262 1606 330 1649 cum
353 1591 412 1648 sint
435 1589 534 1665 aquati
558 1596 589 1648 et
611 1587 701 1649 soluti
719 1591 847 1671 saporis,
870 1589 944 1649 nihil
965 1591 997 1650 in
1017 1607 1050 1649 se
1065 1607 1166 1668 *neque

262 1675 361 1754 frigidi
390 1694 486 1754 neque
515 1675 602 1736 calidi
629 1678 793 1738 continere.
836 1675 872 1737 eu
900 1677 1010 1756 quihus
1042 1677 1166 1757 singidis

260 1782 316 1843 pro
349 1763 519 1825 discrimine
552 1783 697 1844 generum
729 1773 759 1826 et
795 1767 972 1827 necessitato
1009 1784 1166 1827 causarum
1180 1777 1202 1816 1⁵

260 1852 423 1914 ordinanda
455 1855 542 1915 etiam
576 1852 707 1914 subsidia
743 1853 934 1915 medelarum.
985 1862 1105 1916 austera
1137 1863 1167 1914 et

113 1942 115 1946 ”
176 1989 179 1994 .
259 1941 341 2001 acida
364 1944 394 2001 iu
418 1941 484 2002 cibo
503 1949 620 2020 sumpta
641 1941 980 2010 stomachoexistimaut
997 1946 1166 2024 convenire,

259 2031 308 2089 siti
335 2032 456 2089 minime
489 2032 663 2112 convenire,
694 2032 726 2090 in
758 2031 895 2093 dulcibus
925 2033 1065 2093 universa
1096 2050 1165 2092 con·

258 2119 358 2186 traria.
395 2135 471 2196 aqua
498 2120 529 2179 in
552 2136 611 2197 qua
635 2121 701 2199 pira
724 2121 803 2181 sicca
830 2120 951 2181 decocta
974 2128 1057 2203 suut,
1084 2122 1164 2181 miri-

258 2207 313 2266 fice
329 2206 405 2267 valet
418 2206 531 2267 fluxum
545 2209 657 2268 ventris
670 2207 815 2270 inhibere.
844 2228 904 2269 uon
918 2210 1017 2271 minus
1030 2209 1164 2289 proderit
1176 2219 1200 2259 2⁰

223 2456 263 2509 tit.
284 2457 358 2524 (item
370 2456 402 2509 in
414 2460 495 2526 seqq.)
512 2474 583 2527 pyro
590 2459 651 2526 gol.
698 2465 712 2512 1
727 2458 891 2514 dioscoridis
903 2475 934 2528 p,
953 2459 1128 2530 dyoscoridis
1140 2477 1164 2514 o.

154 2524 338 2595 lstypticam:
365 2527 405 2580 sio
426 2528 513 2596 god).
535 2531 539 2596 t
564 2527 684 2583 credidit
704 2530 771 2599 gol:
800 2528 890 2584 credit
906 2531 951 2587 rh.
1016 2532 1081 2586 tet
1097 2532 1164 2600 pol:

82 2614 86 2621 ¹
151 2612 184 2649 ac
203 2596 249 2651 rb.
304 2596 523 2667 oprofluentem
539 2601 606 2668 pot:
625 2598 757 2655 fluentem
775 2601 819 2655 rb.
874 2599 1042 2656 6Gallenus
1060 2617 1091 2670 o,
1110 2601 1163 2656 Ga·

150 2665 241 2720 lienus
260 2669 323 2736 l(r).
345 2669 349 2736 l
374 2668 403 2723 in
422 2685 472 2724 om.
491 2670 508 2724 l.
569 2670 775 2740 tpirishieo.
837 2671 909 2727 8is:
936 2671 981 2727 his
998 2673 1129 2742 gniph).

150 2741 166 2789 9
186 2739 215 2790 et
238 2738 357 2794 austeris
375 2756 401 2808 q.
421 2741 465 2794 rb.
487 2741 491 2807 Ι
514 2756 597 2822 posse
618 2743 685 2811 got:
713 2758 763 2797 om.
782 2743 827 2798 rb.
892 2748 925 2798 10
948 2742 1064 2813 stiptics
1080 2759 1128 2813 pv.

151 2813 182 2859 11
198 2807 272 2861 uude
286 2809 316 2862 et
327 2809 367 2891 pl.
382 2811 427 2865 rb.
466 2817 498 2865 12
512 2813 705 2867 rnhaerentem
718 2813 862 2868 stomacho
876 2814 922 2868 rb.
953 2813 1130 2870 inherentsm
1137 2829 1162 2884 p.

186 2883 218 2931 13
238 2880 336 2946 aquati
353 2896 391 2949 po
410 2882 446 2948 (et
463 2882 566 2952 Epicu:
586 2883 648 2938 -tiei
666 2884 702 2938 rb
721 2887 756 2952 (et
769 2885 799 2954 l).
820 2886 825 2952 Ι
849 2902 868 2938 n
903 2901 939 2939 ue
957 2883 1055 2955 frigidi
1072 2901 1163 2954 neque

148 2948 235 3003 calidi
253 2950 298 3004 vl:
327 2966 378 3005 nec
396 2951 481 3033 calidi
499 2969 550 3007 nec
568 2952 664 3024 frigidi
681 2956 718 3009 rb
737 2956 839 3024 (neque
857 2900 910 3010 gi.
928 2971 1020 3024 neque
1037 2957 1071 3012 ir.
1089 2959 1127 3026 g).

150 3026 182 3074 15
206 3039 257 3090 pro
279 3037 414 3091 generum
432 3022 512 3076 discr.
537 3024 566 3077 st
588 3041 734 3080 causarum
757 3042 817 3080 nec.
835 3028 880 3082 rb.
945 3026 1162 3083 teudotion

147 3108 186 3161 po
202 3094 238 3160 (et
251 3094 339 3162 epit.):
358 3093 415 3148 ord.
431 3095 496 3148 sunt
509 3093 596 3148 etiam
605 3097 642 3149 rb
658 3098 693 3163 (et
706 3097 734 3166 l).
751 3098 757 3166 Ι
772 3096 954 3152 medellarum
963 3114 1002 3167 pv
1017 3098 1053 3163 (et
1061 3096 1162 3181 Epic).

184 3169 217 3216 17
231 3163 324 3218 acida:
343 3163 422 3220 arida
435 3166 453 3219 t.
470 3167 474 3234 l
491 3163 653 3222 existimant
669 3168 735 3236 pol:
754 3168 850 3222 antur
862 3169 908 3223 rb.
953 3173 985 3222 18
1000 3167 1049 3223 siti
1063 3170 1125 3238 (siti
1138 3185 1162 3237 v,

148 3258 224 3315 sitim
241 3277 260 3330 g
278 3266 303 3316 et
321 3267 447 3332 corrupte
465 3292 499 3302 -
514 3264 610 3317 stci—
630 3266 649 3334 l)
667 3264 783 3319 minime
798 3265 946 3321 convenire
963 3266 1031 3335 pol:
1051 3281 1102 3322 om.
1117 3267 1160 3321 rb.

151 3330 305 3399 luniversa
331 3335 400 3403 got:
428 3351 495 3389 vero
523 3334 618 3390 omnia
643 3337 689 3391 rb.
773 3342 806 3391 19
835 3352 910 3406 sque
931 3341 992 3393 etc:
1025 3337 1162 3392 obtained

147 3404 156 3464 t
175 3403 206 3454 ni
223 3416 273 3456 om.
292 3421 317 3456 o.
338 3407 450 3474 1—19).
472 3407 476 3472 Ι
502 3405 618 3461 decocta
635 3408 701 3462 ald:
729 3407 855 3463 discocta
872 3408 965 3477 rbfn).
986 3406 1087 3479 lsuuh
1111 3408 1162 3462 des

133 3469 151 3529 (
166 3473 253 3525 esunt
269 3475 321 3540 sie)
341 3492 365 3531 o.
386 3478 393 3546 Ι
413 3476 484 3532 mire
503 3477 529 3533 d.
584 3484 618 3534 ‘to
636 3478 731 3533 ualeat
747 3494 798 3548 po:
821 3479 919 3534 valent
936 3478 983 3546 ld,
1001 3479 1081 3535 valet
1093 3480 1160 3551 riht

112 3548 181 3587 ²²⁰⁶
195 3543 297 3604 nord:
317 3565 372 3604 nec
392 3551 440 3607 rh.
