2416 3900
471 214 530 224 —·
560 179 624 243 203
671 216 713 224 -

77 352 139 406 stat
162 361 197 404 ea
220 342 364 422 thoracis,
387 344 459 402 item
478 341 626 420 pulmonis
646 350 676 402 et
699 343 806 402 iecoris
826 344 895 402 vitia
916 360 987 422 pur·

79 434 152 513 gari.
197 432 269 493 trita
301 449 368 491 oum
400 432 469 491 vino
501 438 604 492 contra
636 448 768 492 morsum
801 433 985 509 serpentium
1021 425 1059 478 D·

81 527 219 601 prosunt.
998 500 1085 564 ¹³⁷⁷·

146 720 233 777 LVI.
263 720 313 776 De
337 722 505 775 castaneo.

148 839 309 901 Castaneas
328 857 365 899 ex
384 838 521 899 omnibus
539 839 735 901 fortissimum
755 837 875 919 quidem
889 837 989 899 cibum

48 941 66 984 s
81 929 202 1008 corpori
214 934 367 1007 praestant
381 925 434 988 sed
448 928 500 1007 qui
519 926 637 987 difficile
653 934 865 1007 concoquetur.
888 935 989 988 coctae
1035 932 1050 964 *

79 1019 113 1079 in
131 1015 312 1079 carbonibus
330 1015 377 1077 vel
399 1017 430 1075 in
450 1015 532 1077 fictili
551 1018 631 1076 sicco
650 1034 719 1077 vaso
738 1023 851 1077 assatae
871 1023 901 1075 et
920 1034 988 1077 cum

80 1105 168 1169 melle
196 1107 306 1166 ieiunis
338 1102 422 1165 datae
450 1103 646 1166 tussientibus
672 1112 808 1184 prosunt.
855 1121 930 1183 aqua
958 1107 990 1163 in
1035 1108 1050 1141 *

81 1213 139 1275 qus
162 1212 232 1255 oum
258 1211 313 1254 suo
342 1194 453 1253 cortice
481 1192 691 1272 decoquuntur
709 1192 854 1253 coeliacis
884 1192 988 1271 dysen-

80 1285 184 1345 tericis
211 1284 386 1362 sanguinem
412 1280 620 1342 excreantibus
648 1279 775 1341 bibenda
798 1280 875 1341 haud
900 1281 988 1341 inuti·
1054 1332 1059 1344 .

37 1384 67 1424 1⁰
81 1371 150 1433 liter
172 1373 357 1452 propinatur.
394 1371 519 1431 interior
546 1368 718 1430 membrana
746 1388 821 1448 quae
845 1371 989 1430 corticem
1034 1376 1050 1408 *

80 1460 272 1540 fructumque
300 1458 445 1520 discernit
467 1456 503 1517 ad
527 1460 643 1519 tertiam
674 1465 789 1537 partem
812 1456 934 1518 decocta
957 1460 989 1517 in

81 1566 157 1629 aqna
180 1555 211 1609 et
232 1549 318 1627 potui
345 1546 443 1608 oblata
465 1548 538 1607 mire
563 1546 660 1608 alvum
682 1546 824 1608 fluentem
847 1546 988 1627 refrenat,

81 1636 154 1697 adeo
177 1644 212 1697 ut
234 1633 422 1697 Dioscorides
444 1642 531 1715 putet
549 1637 639 1697 etiam
657 1634 818 1696 cathartico
841 1634 912 1696 dato
932 1653 987 1715 per
1022 1629 1061 1683 D·

80 1724 157 1786 banc
170 1727 322 1804 potionem
336 1726 374 1784 iri
388 1723 503 1783 obviam
516 1741 618 1804 posse,
638 1725 664 1784 si
682 1723 749 1802 plus
764 1741 852 1802 quam
867 1741 990 1784 necesse
1006 1705 1083 1824 ἓξὲξ

38 1825 67 1867 1⁵
83 1815 122 1874 sit
142 1821 260 1893 purget.
1063 1813 1069 1824 '

144 2024 322 2083 Pistaciorum
338 2025 423 2080 virtus
446 2030 554 2079 austera
570 2032 598 2080 et
614 2025 741 2099 styptica.
780 2022 920 2080 stomacho
944 2022 990 2079 ad·
1008 2026 1066 2095 (86)

82 2110 224 2166 commoda
252 2115 333 2181 sunt,
362 2115 389 2164 et
415 2108 561 2183 pulmones
588 2115 708 2183 purgant
734 2110 763 2164 in
790 2107 850 2164 oibo
872 2115 989 2182 sumpta.
1065 2102 1069 2109 ’

83 2196 145 2251 trita
167 2211 228 2251 oum
250 2195 312 2250 vino
335 2201 430 2250 eontra
453 2209 546 2249 omues
569 2209 676 2250 morsus
697 2200 825 2267 prosunt.

144 2367 290 2424 Castaneas
317 2383 350 2423 ex
377 2365 500 2423 omnibus
533 2367 648 2424 nucibus
681 2365 859 2422 fortissimum
891 2363 991 2420 habent
1010 2362 1067 2431 (84)

38 2460 69 2500 2⁰
84 2452 187 2523 cibum,
210 2449 347 2509 difficilem
369 2451 560 2526 digestionem.
597 2449 696 2506 virides
718 2451 872 2523 stringunt,
895 2456 990 2505 coctae

83 2538 181 2594 minus.
224 2544 317 2593 coetae
345 2538 373 2592 in
400 2538 491 2593 cinere
513 2536 555 2591 vel
585 2538 612 2592 in
643 2533 720 2591 fictili
742 2549 805 2590 vase
833 2541 936 2589 assatae
962 2541 991 2588 et

154 2750 234 2803 tet:
262 2749 292 2801 et
312 2747 406 2816 polet,
435 2762 469 2801 es
492 2748 521 2800 et
543 2746 588 2800 rb.
614 2747 618 2814 t
641 2745 766 2814 itemque
788 2745 815 2798 d.
841 2747 845 2811 Ι
870 2744 985 2814 purgari
1006 2745 1096 2814 potui:

82 2837 124 2874 -se
141 2820 186 2875 rb.
242 2824 258 2872 2
278 2819 358 2872 Trita
375 2833 442 2871 vero
460 2818 505 2871 rb.
523 2820 526 2881 Ι
543 2817 714 2886 serpentium
732 2817 823 2885 putot,
843 2818 916 2871 -tum
933 2816 979 2870 rb.
1028 2822 1046 2869 4
1064 2832 1099 2869 ex

81 2890 211 2945 omnibns
238 2889 366 2957 (nucibus
390 2889 454 2943 odd.
472 2887 577 2957 opos:
606 2883 688 2957 μόνοι
708 2930 713 2941 .
732 2929 759 2943 ,.
779 2887 835 2941 τῶν
854 2882 961 2956 ἀγρίων
980 2887 1097 2955 καρπῶν

81 2956 230 3030 ἀξιόλογον
252 2955 362 3029 τροφὴν
385 2955 499 3013 διδόασι
522 2959 560 3029 τῷ
584 2954 692 3029 σώματι
716 2958 779 3014 Gal.
803 2969 839 3017 Vl,
861 2964 922 3013 621.
1001 2962 1017 3010 5
1039 2972 1098 3011 cor-

81 3031 157 3102 poris
176 3032 236 3102 (sic)
249 3047 275 3100 9.
292 3034 297 3100 Ι
313 3030 416 3086 Coctse
435 3032 530 3085 sutem
548 3031 578 3084 in
597 3073 604 3085 .
620 3073 626 3085 .
643 3074 649 3085 .
668 3031 714 3088 rb.
780 3029 834 3085 oi.
854 3029 928 3083 sicco
946 3042 1014 3081 vaso
1038 3027 1099 3095 (ves

81 3104 120 3158 sie
136 3105 166 3174 p)
194 3105 304 3158 sssstce
322 3118 373 3171 po,
401 3101 421 3156 f.
440 3118 506 3156 vose
525 3104 618 3156 assate
641 3103 702 3170 (om.
721 3102 804 3168 sicco)
829 3100 874 3164 id,
901 3098 920 3152 f.
939 3113 1007 3152 vsse
1025 3099 1099 3152 sicco

81 3177 192 3231 assotae
211 3174 256 3228 rb.
325 3179 340 3226 i
361 3190 383 3228 o.
403 3190 439 3227 m.
459 3173 641 3227 tussientibus
660 3171 726 3226 date
744 3189 785 3240 pr.
804 3171 865 3237 (om.
885 3168 998 3236 ieiunis)
1017 3170 1061 3224 id.

83 3250 182 3301 teum
206 3261 256 3299 suo
280 3245 383 3299 cortice
411 3245 445 3312 (o.
465 3243 567 3298 cortice
590 3258 640 3296 suo
664 3242 692 3307 d)
721 3242 816 3310 decoq.
836 3241 914 3309 poro
928 3241 1005 3308 (ὂψ
1033 3256 1099 3294 oum

83 3332 165 3372 succo
183 3314 301 3371 coitioes
320 3332 383 3384 ooq.
401 3316 448 3369 rb.
469 3316 473 3380 Ι
494 3313 607 3383 oylisois
625 3312 736 3381 peip),
756 3311 863 3366 oilisois
880 3312 907 3365 d.
928 3313 932 3379 1
953 3309 1058 3380 dysint
1073 3327 1098 3378 o,

82 3386 189 3459 disynb·
212 3403 242 3470 p,
270 3386 374 3442 disent·
393 3387 434 3442 td.
502 3382 733 3439 texoresntibus
755 3384 803 3437 id:
831 3381 1021 3436 recreantibus
1040 3382 1099 3449 (sio)

81 3474 135 3583 filit,
152 3457 334 3595 rmgteptignps
348 3455 593 3584 rb'p'dhaggssmss
611 3455 638 3509 d.
685 3458 717 3507 11
733 3471 759 3524 p.
768 3453 840 3507 'dete
853 3453 880 3508 d.
927 3457 960 3506 13
970 3452 1069 3523 dyoso-
1083 3453 1101 3519 t,

112 3546 172 3586 sso-
212 3556 242 3584 .=
293 3545 446 3599 copo:
550 3543 594 3580 c.
