2416 3900
483 161 702 225 „23-

236 336 324 399 31124.
352 324 424 384 bont
446 326 478 383 in
501 331 584 384 testa.
622 322 779 384 harenulae
804 342 878 402 quae
902 326 933 383 in
956 323 1098 386 cornibus

354 413 521 473 coclearum
534 413 726 472 inveniuntur
741 415 819 472 cavis
834 412 973 474 dentibus
987 413 1098 474 inditae

234 513 323 575 43026.
353 503 494 560 continuo
526 500 633 560 finiunt
667 495 807 561 dolorem.
856 501 936 562 idem
967 509 1099 580 praestat

157 658 166 675 .
218 601 323 664 31‚101.
352 590 440 649 fimus
460 591 541 649 corvi
558 591 589 648 in
609 587 674 648 lana
693 588 836 667 alligatus,
864 589 994 650 inviolati
1013 608 1097 669 prae·

320 678 323 682 ’
353 685 469 738 stantur
491 677 594 738 dentes
614 678 639 737 si
654 679 720 755 quis
744 678 864 739 cottidie
878 696 964 738 mane
979 680 1125 740 ieiunus⁵

352 765 408 826 sub
432 765 532 844 lingua
545 765 651 826 habeat
670 783 794 844 granum
809 766 877 827 salis
896 767 990 826 donec
1004 766 1097 845 lique·

219 864 324 927 28‚1‘18.
352 861 423 916 scat.
466 855 577 914 cervini
605 872 715 915 cornus
743 856 837 915 farina
864 857 895 914 in
923 854 1024 933 dolore
1052 853 1098 915 vel

219 953 323 1018 28,119.
352 942 533 1003 conluuntur
556 942 602 1003 vel
630 943 782 1004 fricantur.
819 943 870 1003 tali
896 943 1000 1004 bubuli
1024 946 1099 1004 cinis

252 1033 288 1086 ib.
352 1030 554 1092 dentifricium
586 1039 639 1090 est.
690 1050 757 1093 ossa
791 1050 827 1092 ex
859 1031 978 1110 ungulis
1011 1049 1098 1092 suum

219 1129 324 1193 28,182.
352 1119 505 1181 combusta
525 1120 653 1180 eundem
671 1138 760 1181 usum
777 1128 937 1200 praestant.
975 1123 1096 1200 caprino
1111 1129 1137 1168 1⁰

263 1213 278 1246 *
316 1204 324 1215 ’
351 1207 427 1269 lacte
451 1209 565 1270 utiliter
589 1209 693 1269 dentes
721 1209 911 1271 conluuntur.
949 1208 1029 1268 ebuli
1052 1226 1096 1267 ra-

352 1297 448 1357 dicem
477 1317 512 1357 ex
543 1308 626 1361 aceto
660 1297 805 1378 decoque,
838 1305 868 1358 et
900 1298 950 1357 diu
982 1299 1013 1356 in
1046 1313 1097 1356 ore

264 1389 279 1423 *
351 1392 497 1444 teneatur.
525 1383 594 1443 folia
617 1382 653 1443 de
672 1384 750 1444 buxo
771 1393 802 1444 et
820 1380 1004 1443 ramusculos
1019 1386 1099 1444 aneti

351 1479 413 1532 tres
432 1475 463 1532 in
482 1471 569 1531 ollam
588 1472 681 1529 mittis
701 1479 730 1531 et
749 1489 817 1530 cnm
831 1478 915 1530 aceto
934 1470 970 1528 ad
993 1473 1097 1529 tertias

351 1559 506 1640 decoquis:
539 1558 720 1638 tepefactum
741 1560 772 1617 in
796 1575 847 1617 ore
871 1565 979 1617 teneat.
1112 1567 1138 1609 1⁵

417 1813 528 1868 XIIII.
555 1809 716 1867 Dentioni
738 1808 933 1864 hiantium.

219 1955 323 2037 283268.
417 1947 527 2006 Dentes
555 1948 625 2024 eqni
652 1947 703 2023 qui
733 1947 822 2024 primi
854 1946 963 2007 cadunt
990 1946 1098 2025 alligati

351 2033 467 2095 facilem
477 2034 648 2094 dentionem
657 2041 821 2113 praestant:
836 2035 942 2096 melius
952 2037 978 2095 si
987 2043 1098 2096 terram

219 2131 323 2196 28259.
351 2140 412 2182 non
425 2128 555 2200 tangant.
584 2122 659 2183 lacte
674 2125 795 2202 caprino
806 2133 856 2185 aut
871 2124 1005 2204 leporino
1016 2142 1096 2183 oere-

218 2221 323 2284 32,13⁷.
351 2210 575 2289 bellogingivae
586 2212 795 2289 perfricantur.
819 2212 949 2290 delphini
965 2212 1098 2271 dentium

247 2292 252 2302 ’
352 2300 426 2359 cinis
450 2316 518 2358 cum
542 2298 628 2358 melle
651 2301 776 2377 gingivis
803 2300 951 2380 inlinitur,
980 2308 1010 2358 et
1033 2301 1097 2360 eius
1112 2309 1139 2348 2⁰

251 2389 287 2444 ib.
352 2386 439 2447 dente
459 2387 592 2464 gingivae
613 2393 783 2463 tanguntur.
812 2387 939 2445 eundem
959 2388 1097 2447 ellectum

217 2484 322 2548 30‚136.
350 2474 460 2534 habent
479 2473 583 2534 dentes
602 2473 760 2533 caniculae.
794 2472 952 2533 cerebrum
974 2468 1097 2552 pecudis

350 2564 381 2622 in
406 2561 472 2623 cibo
496 2561 591 2622 datur.

155 2810 169 2857 1
190 2802 303 2876 arenule
317 2804 367 2873 qd.
393 2805 396 2871 Ι
421 2803 544 2857 intesta
563 2806 646 2872 (testo
664 2821 688 2860 o.
704 2805 721 2862 1.
738 2803 808 2872 Pl.):
826 2803 857 2857 in
874 2805 950 2858 testa
967 2803 1098 2858 candenti

84 2875 176 2930 Marc.
196 2876 272 2944 (liaeo
289 2876 322 2929 iu
338 2876 380 2944 qd
402 2875 552 2929 trahwnmr
571 2876 608 2929 ad
621 2876 773 2944 sequentia,
792 2891 852 2928 eum
870 2876 968 2943 quibus
982 2876 1099 2941 confuso

82 2949 148 3002 suet
165 2947 197 3002 iu
214 2947 249 3016 r).
314 2951 330 3000 2
350 2943 441 3000 indita
459 2947 485 3000 d.
550 2951 566 3000 8
584 2945 638 3000 tali
656 2945 754 3000 bubuli
772 2946 854 3014 (Pl.):
874 2945 933 3000 albi
949 2945 1030 3000 bulbi
1047 2962 1097 3015 pr,

83 3018 162 3074 albus
180 3015 265 3080 bulbi¹
278 3018 305 3072 d.
387 3015 553 3072 edentibus
577 3015 683 3071 initium
708 3018 784 3071 estr
811 3017 895 3085 (uude
913 3022 938 3072 et
960 3018 1016 3086 bl).

41 3094 44 3099 '
84 3096 116 3144 11
139 3089 279 3146 radicem.
292 3129 298 3143 .
309 3128 316 3143 .
327 3088 450 3157 decoque
469 3090 498 3142 et
516 3087 564 3142 diu
581 3104 632 3158 pr:
650 3087 746 3143 radix.
759 3131 764 3142 .
776 3129 782 3143 .
793 3087 916 3145 decocta.
936 3088 985 3143 diu
1003 3089 1030 3145 cl.

869 3172 894 3202 ΘΙ

85 3221 117 3268 13
141 3216 314 3271 ramusculus
330 3221 403 3270 ‘anm
424 3217 476 3284 ips.
500 3231 568 3271 corr.
587 3232 613 3285 9.
678 3221 712 3269 14
729 3217 787 3270 tres
805 3231 836 3284 p:
862 3235 903 3270 111.
921 3215 941 3268 d
964 3216 1097 3284 (tenear).

86 3286 88 3355 ξ
105 3286 136 3339 in
154 3287 240 3341 ollem
259 3286 349 3342 mittis
363 3304 392 3357 p:
412 3287 443 3341 in
460 3285 519 3341 olla
535 3286 632 3340 milles
646 3287 674 3343 d.
730 3292 763 3340 ro
783 3286 921 3354 decoques
941 3287 999 3355 (aio)
1013 3287 1062 3355 pal.

83 3356 124 3410 tit.
158 3356 289 3412 Dentioni
314 3358 466 3414 infantium
493 3374 523 3427 p:
551 3358 596 3411 Ad
624 3356 785 3412 dentionem
812 3356 964 3412 infantium
991 3358 1017 3413 d.

84 3431 117 3480 17
136 3426 237 3480 melius
254 3444 303 3495 pr:
321 3429 422 3484 Melius
441 3431 485 3483 est
503 3429 529 3484 d.
591 3433 625 3483 18
643 3427 765 3483 cerbello
778 3445 804 3498 9.
864 3433 898 3483 22
913 3427 940 3483 (1.
954 3426 1098 3483 caniculae

84 3496 190 3551 habent
207 3498 233 3551 d.
259 3502 263 3565 Ι
289 3499 475 3554 cerebrum—
486 3498 569 3554 datur
586 3516 636 3569 pr:
655 3515 706 3556 om.
725 3500 752 3554 d.
