2416 3900
508 179 750 244 -138-

155 354 200 408 Pl.
296 348 376 406 1111.
400 349 449 404 De
473 349 657 406 coliandro.

132 431 219 495 Μ·
296 449 361 510 Non
390 448 560 512 dubitanter
592 450 743 512 coliandro
775 450 979 530 refrigeratrix
1006 459 1140 530 potestas

149 532 211 588 Gal.
231 540 331 621 datur,
354 556 414 599 non
437 547 535 599 tamen
560 538 697 621 simplex,
719 547 754 601 ut
776 538 1008 619 prudentissime
1028 538 1139 601 Galeno

121 614 175 664 ω’
190 610 361 710 3⁶ridetur,
384 627 437 688 sed
456 630 505 689 oui
524 627 668 708 quaedam
690 631 788 708 portio
812 629 994 690 austeritatis
1017 630 1140 690 inmixta

230 721 276 800 sit,
291 716 360 778 inde
375 716 455 796 quod
470 717 613 797 quaedam
628 736 664 778 ex
679 720 793 779 eoritia
807 725 953 801 curantur
968 735 1043 796 quae
1054 736 1140 779 num·

230 824 318 886 quam
332 808 452 867 omnino
472 813 598 888 sanaret,
617 809 643 867 si
657 806 719 868 sola
732 809 842 868 virtute
862 807 968 886 frigida
981 809 1139 868 niteretur.
1153 816 1167 857 ὁ

230 914 299 957 oum
322 894 408 956 melle
432 902 462 955 et
484 912 540 956 uva
567 912 654 975 passa
681 897 784 957 tritum
804 902 835 956 et
853 896 1016 975 inpositum
1036 912 1140 957 omnes

228 993 363 1046 tumores
382 982 632 1064 collectionesque
651 987 821 1064 compescit.
857 986 1017 1064 praecipue
1040 992 1140 1045 tamen

229 1076 287 1135 isto
306 1090 415 1154 genere
430 1072 632 1134 medicaminis
652 1072 804 1136 doloribus
819 1075 939 1134 testium
955 1071 1139 1134 subvenitur.

230 1181 302 1224 suco
316 1162 513 1240 maligranati
532 1169 562 1223 et
576 1162 640 1223 oleo
655 1164 685 1222 in
699 1164 821 1242 potione
835 1164 1017 1242 permixtum
1030 1164 1139 1222 anima·

229 1252 268 1313 lia
275 1254 438 1313 interaneis
448 1253 547 1312 innata
560 1253 761 1331 persequitur.
785 1269 886 1312 semen
896 1269 932 1310 ex
947 1268 1023 1330 aqua
1035 1250 1140 1330 potum
1153 1261 1182 1301 1⁰

231 1340 408 1402 solutionem
428 1343 540 1401 ventris
560 1342 705 1420 astringit.
737 1343 919 1420 scriptum-a
942 1338 1044 1401 multis
1067 1339 1137 1418 legi-

229 1437 280 1491 tur
313 1431 370 1490 tria
402 1429 545 1490 coliandri
578 1446 667 1509 grana
696 1432 838 1490 tertianas
866 1426 1038 1509 excludere,
1071 1435 1138 1488 aute

230 1521 432 1579 accessionem
460 1521 485 1578 si
514 1518 627 1579 luerint
655 1517 801 1579 devorata.
839 1517 935 1578 isdem
960 1515 1139 1596 repellendis

231 1607 335 1666 efficax
358 1613 404 1667 est
426 1609 524 1685 ipsum
544 1606 728 1667 coliandrum
748 1613 815 1667 ante
840 1605 910 1666 solis
934 1613 1034 1667 ortum
1056 1607 1139 1686 igno-

230 1697 325 1756 rantis
348 1694 486 1755 cervicali
508 1695 601 1755 viride
626 1695 802 1756 subiectum.
845 1697 954 1756 mirum
982 1701 1029 1755 est
1058 1693 1179 1774 quod1⁵

230 1782 413 1844 Xenocrates
441 1784 544 1865 tradit,
575 1787 600 1844 si
621 1802 713 1845 unum
736 1786 858 1844 seminis
881 1800 1007 1862 granum
1029 1782 1139 1843 lomina

175 1920 183 1928 ..
230 1872 353 1954 biberit,
386 1891 446 1933 uno
479 1871 526 1932 die
557 1875 584 1932 ei
614 1881 768 1934 menstrua
796 1873 957 1947 contineri,
991 1870 1082 1933 biduo
1114 1874 1139 1931 si

171 1954 176 1971 “
230 1961 304 2043 duo,
332 1968 363 2021 et
384 1960 509 2022 totidem
537 1962 596 2021 iam
618 1958 723 2021 diebus
755 1968 828 2040 quot
855 1979 946 2040 grana
969 1961 1140 2040 sumpserit.

155 2132 212 2203 (35)
293 2120 469 2176 Coriendrum
485 2119 608 2177 calefacit
621 2128 650 2177 et
669 2122 796 2195 stringit,
819 2136 945 2177 somnum
960 2121 1041 2176 etiam
1064 2119 1139 2176 iacit.

231 2222 293 2262 cum
312 2205 392 2262 melle
419 2210 447 2263 et
467 2221 517 2261 uva
539 2222 618 2280 passa
641 2207 735 2262 tritum
757 2207 906 2279 inpositum
927 2220 1024 2261 omnes
1052 2212 1140 2260 tumo-
1153 2217 1182 2258 so

122 2328 141 2355 .
230 2307 274 2345 res
298 2289 530 2364 collectionesque
545 2291 701 2363 compescit
736 2292 830 2346 tritum
853 2307 914 2365 eum
936 2297 1014 2346 aceto
1035 2290 1140 2345 morsui

230 2373 328 2431 canino
356 2376 484 2431 occurrit.
527 2391 610 2432 sucus
638 2375 696 2430 eius
724 2391 785 2431 cum
814 2374 876 2431 oleo
904 2375 1002 2430 mixtus
1029 2380 1142 2447 potatur

229 2469 326 2516 contra
347 2458 495 2516 lumbricos
517 2466 545 2515 et
575 2461 687 2534 uncas..
710 2454 818 2536 [semen
846 2460 904 2515 eius
932 2460 960 2514 in
981 2457 1056 2514 dulci
1079 2457 1139 2514 rinc

230 2543 323 2599 datum
350 2544 494 2616 proniores
524 2543 614 2600 reddit
641 2545 670 2599 in
697 2560 832 2601 venerem.
869 2545 892 2599 si
919 2559 1002 2616 supra
1029 2541 1139 2598 modum

230 2627 337 2684 dederis
358 2629 499 2684 amentiam
522 2629 617 2684 nutrit.
660 2645 743 2685 canos
765 2645 799 2685 ex
826 2627 969 2684 coriandro
992 2623 1066 2683 infici
1087 2633 1139 2682 tra·
1152 2634 1180 2675 25

231 2711 315 2767 ditum
339 2706 405 2788 est]

196 2897 237 2951 ut.
257 2902 282 2950 et
302 2901 316 2949 1
336 2896 478 2952 coliandro
500 2898 555 2965 pol
578 2898 623 2967 (of.
641 2896 726 2952 neo
780 2897 830 2950 el.
845 2894 968 2963 Gracci:
994 2893 1139 2949 comendro

122 2969 169 3024 riu
199 2968 263 3023 item
279 2968 367 3036 infre.
422 2969 569 3039 ugelieno
590 2985 637 3037 pc.
693 2967 757 3023 tin
777 2983 793 3022 e
816 2966 955 3036 qvi(rt):
982 2965 1050 3033 fort.
1068 2963 1139 3019 ideo.

13 3087 14 3090 ,
124 3041 180 3112 lea
196 3055 243 3110 qo.
299 3045 315 3094 5
335 3041 448 3095 sanaret
464 3040 576 3108 potem:
595 3040 705 3094 curaret
722 3037 768 3093 rb.
789 3039 793 3105 ι
814 3036 951 3091 niteretur
963 3036 1063 3106 qvos:
1081 3037 1140 3090 ute-

121 3114 199 3168 retur
215 3112 253 3167 rb
272 3112 352 3181 (uelut
365 3112 474 3166 uectari
486 3127 520 3165 ear
533 3112 563 3179 l).
613 3115 630 3164 9
649 3113 680 3165 et
697 3110 760 3165 oleo
777 3107 958 3178 impositione
970 3106 1141 3176 permixtum

121 3199 153 3253 u,
172 3185 202 3239 et
220 3182 276 3238 olei
293 3182 438 3253 impositio
457 3184 499 3238 est
517 3180 688 3253 permixtum
711 3181 771 3250 (sic)
789 3181 807 3234 l.
862 3183 894 3233 11
916 3177 1065 3247 meringie
1081 3176 1140 3244 (ric)

121 3270 152 3325 9,
172 3255 304 3325 astringit
321 3255 367 3309 etz
384 3253 499 3324 stringit
515 3254 560 3308 rt.
578 3255 582 3322 Ι
598 3269 650 3308 scr.
669 3269 687 3308 a
704 3250 815 3307 multis:
838 3249 937 3304 iubent
954 3247 1046 3319 aliqui
1066 3248 1139 3302 Ptin.

160 3331 194 3380 12
213 3325 349 3381 tertianus
367 3340 418 3381 otu.
433 3327 451 3380 l.
498 3331 531 3381 13
550 3323 653 3379 isdem:
671 3323 782 3380 hisdem
795 3320 927 3391 polpd).
943 3322 949 3388 1
964 3317 1141 3389 repellendus

121 3397 160 3451 rb
178 3398 237 3464 (ott.
255 3398 332 3466 cyp).
389 3403 423 3452 14
440 3395 597 3466 ignorantis
621 3411 680 3466 eqo:
707 3395 714 3408 '
754 3392 848 3448 urenti
868 3407 907 3461 po
921 3391 993 3460 (rt).
1016 3405 1070 3447 om.
1088 3390 1106 3444 l.

116 3465 262 3588 {Zbidqq
275 3467 337 3523 Pe:
356 3467 413 3523 duo
424 3469 545 3538 qoph),
565 3466 701 3522 duobust
774 3481 799 3520 o.
818 3463 873 3518 duo
892 3479 922 3530 o,
939 3461 986 3518 aed
1004 3463 1058 3531 ipa.
1073 3473 1140 3517 corr.

99 3546 129 3580 ει
169 3548 213 3587 uo.
262 3541 320 3606 uo).
473 3544 481 3557 ⁶
