2416 3900
458 165 701 231 -136—

182 329 414 411 brevespilulas
433 328 651 410 deformantur,
674 347 712 390 ex
737 326 847 408 quibus
864 346 923 391 una
941 327 989 389 val
1007 327 1093 411 duaa,

184 421 210 481 si
238 419 331 482 feltris
355 436 416 479 non
439 418 543 499 luerit,
571 417 651 479 dulci
674 420 742 481 vino
768 417 917 479 resolutae
940 424 1094 497 potantur.

183 511 209 571 si
232 511 312 571 enim
334 506 427 571 febris
451 508 551 589 luerit,
574 525 650 586 aqua
667 506 816 568 resolutae
840 507 1003 568 dormitum
1018 525 1095 568 aun·

121 637 123 641 ⁴
182 595 263 659 tibus
277 599 484 677 propinantur.
517 604 661 675 quamum
674 596 748 657 haec
766 597 849 676 potio
867 595 963 657 valeat
980 598 1097 657 utinam

109 707 116 722 ·
183 686 264 749 nulla
279 686 428 748 calamitas
446 688 594 764 coegisset
611 693 646 748 ut
659 688 863 765 experimento
877 702 944 746 meo
963 695 1124 747 nossem.⁵

79 877 126 937 Pl.
141 881 185 946 20,
252 887 313 944 m
335 887 386 943 De
406 889 497 943 ruta.

110 954 152 1005 51.
252 1005 361 1067 Rutam
380 1004 463 1067 valde
487 1003 659 1066 hominibus
683 1003 842 1085 salutarem
865 1011 1014 1066 testantur
1051 1013 1098 1068 tot

22 1163 27 1170 ,
186 1095 317 1156 antidota
340 1093 526 1156 medicorum
554 1096 605 1174 qui
628 1092 665 1153 de
689 1096 754 1154 eius
778 1095 897 1154 nomine
918 1093 1096 1174 gloriantur.

123 1193 139 1227 *
185 1182 335 1263 equibus
363 1201 458 1245 unum
486 1202 546 1244 uon
574 1182 679 1244 inutile
708 1200 854 1262 exponam
882 1190 1038 1263 repertum
1065 1185 1098 1244 ln

185 1273 320 1354 aegyptia
348 1271 425 1333 lovis
449 1274 567 1333 oiritate
596 1278 685 1351 atque
708 1270 777 1332 inde
806 1271 903 1332 adhuc
925 1270 1097 1352 Diospoliti·

186 1380 254 1422 oum
269 1360 382 1422 dietum
397 1359 588 1442 diapeganon.
617 1360 802 1421 stomachum
816 1362 938 1443 excitat,
956 1359 1096 1440 digestio·
1112 1370 1139 1410 10

186 1469 255 1511 nem
270 1450 489 1531 adcommodat,
508 1448 605 1510 alvum
619 1449 727 1531 mollit,
749 1447 840 1509 bilem
855 1456 1008 1531 extenuat,
1027 1448 1098 1510 vitia

185 1541 318 1618 pectoris
340 1537 443 1604 lateris
466 1540 575 1598 iecoris
599 1556 633 1599 ao
656 1556 763 1599 renum
782 1540 905 1618 mitigat.
939 1538 1098 1599 conficitur

186 1631 244 1688 sle:
272 1634 357 1688 rutae
376 1626 480 1688 viridis
503 1661 545 1669 -
569 1641 620 1708 v1,
644 1628 753 1706 cymini
776 1658 817 1668 —
838 1641 889 1708 v1,
918 1629 1033 1707 piperis
1054 1659 1098 1670 —-

186 1731 237 1797 vr,
261 1718 332 1777 nitri
356 1749 399 1758 -
423 1730 472 1777 111.
517 1717 667 1795 eyminum
695 1723 778 1776 aceto
805 1718 891 1796 prius
919 1724 1099 1795 maceratur,

188 1963 248 2004 oum
275 1964 345 2022 pane
371 1947 546 2020 superposita
574 1945 731 2021 lippitudini
765 1939 910 2003 medentur
935 1955 964 2003 et
991 1962 1099 2002 omnem
1113 1947 1139 1989 ¹⁵

190 2039 324 2088 tumorem
355 2037 542 2105 compescunt.
579 2029 669 2103 ipsum
691 2031 782 2104 apium
803 2030 889 2089 viride
915 2031 1012 2087 tritum
1039 2047 1100 2087 cor·

188 2116 248 2191 pori
282 2115 408 2173 infricata
431 2115 477 2172 ubi
499 2115 539 2171 vis
568 2114 642 2191 quod
664 2113 766 2172 variola
780 2131 835 2171 uon
857 2122 992 2175 transeat:
1014 2115 1099 2173 iurat.

155 2217 281 2287 „semen
303 2201 356 2276 apii
378 2202 472 2257 tritum
489 2208 516 2257 et
531 2198 605 2257 aliud
629 2207 733 2257 tanturn
748 2216 840 2257 semen
863 2201 950 2272 aneti,
973 2199 1102 2256 similiter

188 2303 280 2342 semen
295 2287 447 2360 yosoyami,
470 2285 524 2358 apii
544 2301 638 2342 comae
658 2284 775 2341 medium
799 2292 918 2356 tautum,
941 2286 1005 2341 trita
1020 2292 1049 2340 et
1063 2285 1101 2340 ei·

189 2371 280 2443 brata,
303 2386 452 2443 conspersa
466 2386 561 2443 aqua,
574 2368 687 2444 pillulae
703 2367 865 2443 figurentur.
895 2369 918 2426 ai
941 2368 1032 2426 febres
1055 2367 1101 2424 ad·
1115 2383 1141 2425 ao

189 2454 308 2527 luerint,
332 2471 385 2511 una
407 2463 454 2510 aut
476 2454 548 2511 duae
570 2455 599 2509 ln
622 2470 691 2528 aqua
706 2453 813 2510 solutae
836 2452 956 2511 cubitum
973 2451 1102 2510 euntibus

189 2539 304 2596 dentur:
328 2539 425 2595 mirum
449 2533 516 2615 ost]

156 2819 169 2866 1
189 2812 294 2882 pilulas
310 2815 363 2883 pb:
391 2813 506 2883 pillulas
525 2814 594 2883 l(r).
611 2815 616 2882 Ι
632 2830 667 2869 ex
685 2812 799 2882 quibus:
826 2813 860 2866 ab
878 2812 922 2866 iaia
939 2812 1030 2867 verbis
1046 2812 1101 2875 ino.

80 2883 140 2939 eod.
165 2883 256 2954 Lapat.
276 2887 321 2954 (o).
376 2891 392 2938 2
417 2885 442 2940 si
462 2884 549 2940 febris
572 2901 628 2939 non
644 2915 684 2925 ·-
703 2884 839 2955 potantur
861 2899 912 2938 orra
935 2899 952 2937 r
975 2883 1044 2952 (non
1065 2883 1102 2950 bi

85 2954 228 3026 tresoluta
246 2957 270 3011 b.
316 2955 424 3011 danim
442 2973 493 3011 om.
508 2957 553 3011 ab.
570 2955 793 3027 lrosolutaorb.
840 2953 967 3008 inulla:
985 2953 1066 3009 nulla
1077 2968 1102 3020 r,

82 3027 190 3083 nullam
215 3029 232 3082 b
264 3030 300 3098 (i,
329 3027 408 3083 nulla
434 3029 476 3085 ed.
504 3026 590 3097 Vm).
618 3027 623 3094 l
653 3026 792 3097 noegisset
818 3024 1011 3095 experimento
1038 3039 1102 3078 meo

82 3099 192 3155 novisse
215 3100 259 3155 rb.
325 3105 340 3154 7
364 3100 414 3168 qui
434 3099 546 3168 potor:
575 3113 647 3166 quae
665 3098 711 3152 rb.
769 3104 896 3152 sunum
921 3112 972 3151 om.
992 3097 1011 3153 l.
1032 3099 1038 3167 1
1058 3111 1103 3150 ex·

81 3186 186 3240 ponam
207 3173 275 3242 pol:
303 3188 407 3241 ponam
429 3171 475 3226 rb.
540 3175 556 3224 9
575 3168 692 3224 civitate
715 3170 800 3237 atque
818 3168 836 3224 i.
856 3184 881 3222 a.
901 3165 1102 3238 di(y)ospolinn

82 3240 189 3298 dictum
204 3243 291 3312 (dioto
304 3244 326 3313 l)
344 3242 564 3312 dity)apeganon
575 3241 642 3310 pal:
670 3240 788 3296 oivilate
804 3238 931 3308 Diospoli
949 3241 1036 3308 amun
1054 3236 1102 3291 nd·

83 3312 140 3368 huo
158 3312 338 3384 dinpeganon
355 3312 462 3368 dietum
480 3312 525 3368 rb.
558 3314 593 3380 ef.
614 3311 676 3366 Gal.
697 3322 732 3371 Vl,
747 3315 808 3367 265.
818 3315 871 3365 430
890 3311 984 3379 (utque
1001 3326 1036 3365 ex
1054 3309 1103 3364 Pa.

85 3382 182 3438 Plinio
206 3385 313 3440 Oridaa.
345 3389 394 3439 vet.
414 3385 462 3440 lot.
481 3385 522 3440 ed.
537 3385 605 3440 Por.
626 3388 695 3438 1529
714 3399 746 3452 p.
764 3387 837 3452 337).
863 3398 868 3406 ·
901 3387 935 3436 10
953 3381 1031 3450 quod
1049 3382 1104 3435 slo-

80 3453 216 3507 msohum
233 3457 271 3510 rb
295 3457 385 3524 (Ruta.
403 3456 484 3511 stom.
504 3472 528 3512 a.
546 3457 607 3525 o0).
668 3459 702 3509 13
719 3453 825 3536 Raoipe
842 3454 923 3508 rutae
941 3469 957 3508 r
980 3454 1050 3522 (non
1067 3451 1102 3519 bi

143 3527 181 3574 14
198 3528 283 3581 aceto
300 3527 383 3596 prius
400 3544 459 3599 yn:
478 3525 558 3600 prins
575 3528 657 3584 noeto
675 3526 733 3582 idm
751 3527 839 3596 (praua
855 3524 886 3578 in
904 3540 979 3592 aqua
996 3525 1055 3594 rb).
