2416 3900
183 805 370 882 Frequenter
403 804 475 864 mihi
512 807 543 865 in
574 807 864 885 peregrinationibus

117 894 225 955 accidit
252 901 285 953 ut
313 900 364 952 aut
390 901 513 972 propter
541 911 635 954 meam
663 903 714 955 aut
740 905 864 976 propter

117 1000 253 1044 meorum
280 982 481 1041 infirmitatem
509 985 602 1042 varias
630 983 749 1044 fraudes
773 986 863 1045 medi·

118 1090 222 1132 eorum
259 1071 475 1150 experiscerer,
513 1070 688 1149 quibusdam
724 1072 864 1133 vilissima

90 1171 103 1208 5
118 1159 248 1220 remedia
262 1157 434 1236 ingentibus
452 1161 557 1237 pretiis
571 1160 781 1240 vendentibus,
800 1161 863 1221 aliis

118 1266 246 1325 eaquae
266 1264 371 1307 cinare
391 1246 564 1307 nesciebant
587 1249 756 1327 cupiditatis
776 1267 863 1310 eausa

117 1334 358 1415 suscipientibus
396 1335 539 1413 quosdam
561 1354 631 1396 vero
654 1340 784 1416 comperi
806 1337 863 1398 hoc

118 1443 226 1504 genere
245 1425 373 1502 grassari
388 1431 422 1483 ut
435 1423 593 1502 languores
608 1427 659 1503 qui
677 1428 863 1504 paucissimis

118 1512 222 1574 diebus
245 1511 293 1572 vel
320 1514 409 1572 etiam
436 1512 518 1572 horis
541 1521 664 1591 possent
686 1513 803 1595 repelli,
832 1517 864 1574 in

79 1612 103 1650 1⁰
117 1601 238 1679 longum
265 1609 383 1679 tempus
411 1600 613 1682 extraherent,
641 1610 675 1662 ut
702 1609 732 1662 et
759 1621 863 1681 aegros

117 1709 188 1750 suos
216 1689 267 1748 diu
294 1691 325 1748 in
353 1689 452 1748 reditu
479 1688 624 1749 haberent
656 1692 862 1770 saevioresque

116 1780 189 1857 ipsis
213 1777 325 1837 morbis
348 1779 519 1837 existerent.
557 1786 738 1857 quapropter
762 1798 862 1839 neces·

117 1869 228 1927 sarium
258 1864 330 1926 mihi
353 1868 449 1925 visum
472 1874 518 1926 est
546 1874 579 1926 ut
606 1867 736 1944 undique
760 1867 863 1928 valitu-

117 1956 195 2015 dinis
214 1953 320 2014 auxiha
340 1954 547 2014 contraherem
566 1962 596 2014 et
615 1954 695 2015 velut
717 1954 863 2015 breviario

79 2055 105 2093 1⁵
119 2043 301 2123 colligerem,
325 2050 359 2102 ut
377 2061 565 2122 quocumque
584 2045 731 2103 venissem
744 2060 863 2122 possem

119 2131 263 2191 eiusmodi
293 2131 414 2190 insidias
442 2133 534 2191 vitare
563 2139 592 2191 et
615 2131 669 2190 hae
697 2131 802 2191 fiducia
827 2150 864 2190 ex

118 2219 175 2280 hoc
194 2227 328 2299 tempore
347 2221 405 2278 iter
428 2219 544 2297 ingredi
563 2226 596 2278 ut
620 2221 723 2297 sciam,
747 2221 772 2276 si
796 2221 863 2296 quis

118 2308 189 2368 mihi
217 2307 342 2385 languor
369 2307 521 2387 inciderit,
551 2325 610 2366 non
639 2307 770 2366 lecturos
797 2305 863 2366 illos

119 2415 153 2456 ex
181 2414 228 2455 me
256 2395 387 2455 reditum
411 2413 466 2454 nec
494 2403 645 2455 taxaturos
669 2396 862 2454 occasionem.

80 2494 106 2535 20
184 2485 261 2544 Ante
293 2485 391 2542 omnia
420 2491 520 2549 autem
556 2491 629 2562 puto
661 2485 692 2542 in
724 2491 861 2562 promptu

118 2570 251 2632 habenda
274 2589 349 2650 quae
373 2570 471 2631 subito
500 2571 665 2632 desiderata
692 2570 865 2631 difficillima

120 2659 255 2719 videntur
278 2662 413 2740 invento,
436 2661 514 2719 sicut
537 2659 635 2720 oleum
655 2667 747 2719 vetus
785 2658 864 2737 quod
894 2659 1069 2732 Plie.23‚82.

188 2853 214 2900 3.
232 2865 259 2900 v.
278 2847 451 2902 medicorum
468 2847 581 2902 fraudes
599 2849 625 2902 ol.
708 2854 725 2900 4
744 2846 930 2917 experiscerer
947 2849 1022 2918 pdb:
1051 2849 1131 2904 riter

118 2934 134 2970 r
147 2918 262 2986 (Mare.)
335 2923 351 2970 ὅ
371 2917 435 2972 aliis
454 2934 573 2986 eaquae
588 2935 610 2973 c.
625 2918 789 2973 nesciebant
805 2919 847 2988 gd
857 2919 986 2987 (March
1006 2919 1069 2973 aliis
1084 2935 1130 2973 eas

119 3004 141 3042 c.
161 2987 241 3056 (alita
261 3004 284 3042 c.
304 2989 331 3057 b)
350 2989 535 3043 nescientibus
549 2990 593 3044 rb.
658 2991 721 3044 8nt
734 3006 784 3044 om.
799 2990 843 3044 rb.
912 2995 928 3043 9
947 2990 980 3043 nt
997 2989 1027 3043 in
1040 2990 1084 3043 rb.

120 3063 153 3112 10
166 3058 365 3127 protraherent
377 3060 414 3114 rb
429 3060 584 3128 (traherent
603 3061 706 3129 Marc.)
722 3060 727 3132 l
743 3063 776 3115 nt
794 3063 823 3114 et
842 3060 970 3128 (Mare.):
991 3061 1020 3113 et
1037 3058 1129 3127 pdrb.

120 3135 151 3181 13
170 3130 203 3183 ut
220 3145 271 3184 om.
290 3130 462 3199 rb(Mare.).
535 3137 569 3184 14
588 3132 780 3186 contraherem
798 3132 843 3200 gd
859 3133 914 3195 (re
929 3130 1046 3195 March:
1065 3145 1130 3183 con·

120 3200 226 3254 struere
240 3200 285 3254 rb.
312 3201 316 3270 Ι
341 3200 510 3256 breviarium
528 3203 564 3257 rb
584 3202 624 3269 (in
642 3201 811 3257 breviarium
831 3202 944 3268 Mare).
999 3204 1032 3252 15
1052 3199 1130 3254 oolli-

119 3285 184 3340 gere
201 3271 375 3340 rb(Marc.).
400 3273 405 3338 1
429 3272 472 3326 uti
489 3273 534 3326 rb.
608 3279 640 3326 16
659 3271 820 3327 huiusmodi
837 3271 882 3324 rb.
908 3272 912 3334 Ι
938 3285 961 3323 e.
981 3269 1069 3325 vitare
1088 3271 1130 3325 in·

118 3339 202 3395 sidias
221 3341 248 3395 d.
306 3347 338 3395 17
358 3341 601 3413 iterrb(Marc.):
621 3345 733 3412 ompd.
790 3345 821 3393 18
841 3357 868 3407 q.
886 3340 1130 3411 languormihid.

118 3416 152 3465 1o
177 3427 212 3466 ex
230 3427 276 3466 me
294 3411 417 3467 reditum
435 3414 476 3482 pel
490 3414 618 3482 (Marc.):
641 3413 741 3467 adme
759 3409 868 3465 aditum
886 3413 931 3467 rb.
957 3413 961 3481 Ι
986 3415 1130 3468 taxatuma

117 3482 298 3553 pd(Marc.):
318 3485 450 3553 capturos
468 3485 512 3539 rb.
585 3489 619 3537 22
639 3482 754 3536 inventu
773 3481 902 3551 (Mare.):
921 3498 972 3539 ora.
990 3485 1080 3554 pdrb.
