2416 3900
461 189 680 255 *95-

127 395 238 451 XXII.
261 394 316 449 Ad
337 394 552 464 hydropicos.

125 512 268 593 Lapidem
290 520 424 592 gagatem
447 514 626 594 hydropicus
658 517 684 575 si
707 534 810 577 secum
882 521 897 555 *

60 609 159 682 portat
194 601 378 671 liberabitur.
423 605 551 663 vomitus
584 606 683 681 canini
712 607 810 666 ventri
836 617 941 681 30‚105.

10 742 12 747 .
59 691 236 752 inlinuntur.
272 690 392 752 sablone
422 691 516 752 calido
540 694 653 753 marino
677 692 808 755 obruun·
835 707 922 769 3152.

59 788 117 841 tur».
172 781 314 860 spongiae
355 780 435 840 afrae
472 783 567 841 siccae
609 790 807 862 apponuntur.
835 796 940 860 31,128.

35 869 149 950 oadeps
182 868 315 949 delphini
351 869 479 948 liquatus
514 889 551 930 ex
582 873 649 930 vino
679 870 808 953 bibitur,
835 885 941 948 salto.

58 965 182 1039 propter
200 958 429 1037 graveolentiam
447 957 569 1019 naribus
593 958 739 1021 obturatis
757 969 808 1021 aut

58 1054 213 1128 unguento
236 1049 348 1127 optimo
370 1049 466 1108 tactis.
504 1050 604 1108 cancri
631 1051 739 1109 marini
761 1049 807 1110 vel
870 1055 906 1108 ib.

57 1135 215 1197 fluviatiles
247 1138 278 1196 in
310 1135 376 1197 cibo
409 1155 445 1196 ex
481 1139 547 1196 iure
585 1134 806 1216 (sumuntur).

57 1224 147 1286 alium
175 1224 269 1285 viride
297 1244 365 1287 cum
396 1225 452 1286 lico
483 1225 594 1304 duplici
621 1225 718 1286 alvum
742 1244 806 1286 cva-
835 1238 922 1302 bopo.

21 1325 45 1365 1⁰
58 1321 134 1375 cuat
172 1313 255 1374 scilla
279 1313 412 1375 subiecta
440 1314 557 1392 linguae
586 1316 666 1374 sitim
689 1333 805 1394 compe·
836 1327 922 1391 abac.

58 1403 122 1464 scit
159 1402 261 1464 scillae
291 1402 400 1465 bulbus
428 1411 573 1483 torretur,
602 1403 709 1464 deinde
737 1422 806 1483 pur·
835 1416 940 1482 20,100.

57 1498 145 1570 gatair
176 1499 208 1552 ot
238 1491 370 1553 medium
401 1493 466 1552 cius
493 1493 524 1551 iu
556 1510 632 1571 aqua
660 1495 807 1575 coquitur,

58 1598 127 1642 cum
158 1580 311 1642 madidum
343 1588 389 1641 cst
420 1582 573 1662 eximitur,
609 1600 646 1642 ex
679 1601 714 1642 eo
744 1590 807 1642 tres

58 1668 138 1731 oboli
161 1668 271 1731 dantur
291 1672 377 1750 potui
400 1689 436 1731 ex
459 1669 545 1730 molle
569 1678 599 1730 et
622 1678 720 1731 aceto:
742 1689 806 1731 cva-

21 1769 44 1808 15
57 1765 165 1819 cuatur
187 1777 243 1838 per
265 1760 390 1820 urinam.
428 1761 528 1837 sinape
553 1766 583 1818 ct
608 1759 682 1819 licus
706 1767 736 1819 et
759 1779 806 1838 cy·
835 1771 939 1834 20‚237.

57 1848 173 1908 minum
203 1849 306 1927 aequis
334 1846 469 1927 partibus
497 1857 563 1908 tusa
591 1849 686 1907 ventri
713 1849 806 1927 impo-

57 1943 181 1997 nuntur.
218 1936 294 1997 ficus
317 1939 412 1997 siccae
436 1944 607 2016 coquuntur
626 1943 657 1996 ot
679 1955 715 1996 ex
729 1938 806 2000 uiuo
835 1947 938 2012 23‚123.

57 2032 90 2085 ot
106 2022 263 2105 absynthio
282 2024 507 2106 suffunduntur,
531 2024 625 2084 farina
642 2025 807 2086 hordeacea

57 2110 158 2174 addito
186 2115 280 2176 nitro:
312 2117 410 2175 omnia
436 2117 584 2174 inunum
608 2120 806 2174 conteruntur

20 2213 44 2253 ²⁰
57 2210 89 2262 ot
110 2203 153 2263 ita
174 2204 379 2283 imponuntur.
416 2203 485 2264 lolia
504 2202 593 2282 myrti
614 2203 646 2261 in
664 2202 732 2261 vino
757 2201 805 2261 de·
834 2213 938 2276 aulai.

57 2298 143 2352 cocta
166 2298 365 2353 conteruntur
383 2300 413 2353 ct
431 2311 467 2352 ex
486 2310 521 2352 co
540 2291 607 2351 rino
631 2289 689 2350 duo
710 2290 806 2371 cyathi

56 2381 142 2459 potui
165 2378 283 2443 dantur.
319 2379 434 2442 radices
458 2379 592 2441 sambuci
614 2381 645 2440 in
664 2381 731 2440 vino
755 2378 804 2440 dc·
834 2389 920 2453 24,52.

57 2475 230 2548 coquuntur
258 2477 288 2530 ct
320 2489 356 2530 ex
388 2470 493 2531 codam
520 2471 587 2529 rino
617 2467 676 2529 duo
709 2468 806 2549 cyathi

55 2717 60 2724 ’
131 2731 300 2800 lcogatcm
320 2747 351 2800 9,
379 2730 502 2812 gagatem
525 2730 551 2784 d.
611 2729 746 2797 iportat
767 2745 797 2798 p:
825 2727 981 2798 portaverit
1001 2729 1071 2801 dot

57 2799 379 2855 vomitus-inlinuntur
406 2799 564 2869 (illinuntur
587 2800 613 2868 b)
640 2798 691 2868 qb:
718 2799 827 2854 vomitu
852 2800 951 2855 canino
974 2802 1073 2856 venter

56 2869 177 2927 illinitur
195 2873 222 2928 d.
272 2877 289 2925 3
308 2871 421 2928 sablone
440 2872 559 2941 (harena
575 2869 692 2926 litorum
706 2871 775 2941 Pup:
793 2870 824 2925 in
843 2871 941 2928 sabulo
955 2873 991 2926 rb
1010 2873 1073 2940 (sub

56 2941 122 2998 Iove
137 2942 197 3013 br).
244 2941 352 2998 lsicce
371 2942 478 2997 alfred.
524 2948 675 3012 cgravcm
693 2941 828 2998 olentiam
842 2945 887 2998 dr.
940 2942 1072 2997 alluvio-

56 3011 122 3068 lileo
141 3029 169 3067 r:
188 3013 237 3068 -lis
255 3013 309 3084 db,
328 3012 496 3083 flu<malas>
513 3014 546 3067 in
563 3029 618 3068 roo.
636 3023 682 3084 9⁶.
704 3017 708 3082 1
729 3015 875 3070 sumuntur
888 3031 916 3068 r:
936 3029 985 3068 om.
999 3012 1070 3081 pdb.

92 3083 181 3140 otoo
199 3085 251 3155 pb:
269 3084 324 3140 ficu
342 3086 369 3141 d.
386 3088 390 3154 Ι
406 3084 501 3140 alvum
520 3086 639 3140 evacuat
651 3087 687 3141 rb
699 3086 779 3156 (Pl.):
798 3085 905 3139 malum
919 3084 1018 3136 evocat
1029 3082 1072 3153 qd

57 3154 93 3222 (ei
112 3156 149 3211 al.
167 3156 236 3227 loco)
255 3156 280 3211 b.
321 3153 369 3212 '1o
389 3154 475 3211 Scilla
493 3155 605 3226 (Scillaa
623 3154 847 3240 pi—compesoit
864 3154 915 3223 pb:
939 3168 990 3208 om.
1009 3154 1036 3207 d.

57 3230 90 3280 13
119 3218 254 3282 eximitur
279 3243 330 3283 om.
350 3230 374 3283 b.
438 3233 473 3282 14
496 3224 567 3282 obili
588 3244 614 3297 p.
683 3232 716 3281 16
740 3227 872 3295 Sinopam
898 3241 929 3292 q,
957 3223 999 3293 -pi
1021 3223 1069 3293 <tt

54 3330 199 3402 licuqu.
237 3339 271 3389 16
280 3333 449 3403 ponderibus
464 3335 521 3403 (aed
533 3347 620 3403 supro
632 3349 682 3389 scr.
699 3330 826 3402 partibus
837 3353 871 3374 ==
884 3329 953 3398 qrb,
968 3329 1025 3399 Pl.)
1044 3332 1071 3388 d.

92 3408 129 3457 18
146 3403 354 3460 mbfunduntur
366 3421 391 3473 p.
438 3411 471 3460 19
490 3403 588 3459 addito
601 3403 675 3459 nitro
688 3404 740 3472 pb:
760 3400 857 3455 addita
867 3402 931 3469 (om.
944 3400 1032 3469 niuei
1044 3403 1079 3468 d„

54 3472 159 3529 addita
178 3475 210 3529 et
230 3473 305 3530 nitro
323 3493 347 3531 r.
411 3483 445 3531 20
463 3474 570 3530 mirtini
587 3473 653 3531 rino
677 3476 706 3532 d.
767 3479 807 3528 ‘ii
825 3471 884 3549 duo
908 3471 994 3540 opali
1010 3473 1096 3538 quii*-

56 3543 128 3599 ciati
145 3543 201 3600 duo
217 3547 239 3600 d
254 3549 292 3614 (ιι,
312 3549 348 3617 r),
368 3563 418 3603 om.
440 3548 487 3602 Pl.
544 3553 578 3603 22
600 3547 704 3605 sabuci
722 3565 750 3620 q.
