2416 3900
461 159 702 223 —187—m

79 319 185 381 umbra
202 322 298 400 posita
316 322 434 400 saepius
448 321 597 381 transfusa
616 321 738 384 colatur.
766 329 839 381 tunc
853 321 984 402 cydonea

79 411 174 469 iustae
198 411 376 470 maturitatis
400 409 562 471 seminibus
586 418 616 470 et
638 409 717 489 ligno
745 411 888 471 interiore
913 428 983 490 pur-

79 505 145 577 gata
168 505 198 558 et
220 499 252 558 in
275 498 369 558 frusta
388 500 507 560 concisa
528 501 738 577 inmerguntur
756 517 849 578 aquae
872 508 902 560 et
924 507 985 560 tarn

80 587 131 646 diu
154 604 223 647 cum
247 605 281 647 ea
304 587 527 669 relinquuntur,
550 587 645 648 donec
664 590 694 648 in
714 606 818 649 sucum
841 590 985 649 transisse

57 674 228 736 amalorum
245 675 419 737 rini'colorc
438 676 590 757 prodatur.
622 676 698 737 hanc
717 676 875 755 diligenter
893 677 984 756 liqua-

80 771 140 824 tam
167 772 198 825 et
224 766 256 824 iu
279 782 347 825 vasa
368 767 465 844 picata
492 764 629 852 diffusam
658 766 803 827 eiusmodi
831 765 896 828 loco
923 784 986 826 ser·

80 871 148 913 vare
172 852 303 914 solemne
327 861 373 914 est
396 854 433 915 ad
456 872 545 933 quem
565 856 691 915 maxime
715 855 797 916 sumo
820 862 850 915 et
873 856 899 915 si
921 855 988 915 tieri

80 941 175 1020 possit
206 941 262 1002 soli
293 951 420 1021 negetur
448 960 594 1004 accessus
640 945 766 1023 septimo
798 961 899 1004 mense
931 961 987 1023 pro

81 1031 149 1090 vino
171 1032 218 1090 uti
239 1029 348 1091 licebit.

45 1130 71 1171 10
150 1117 276 1190 Quidam
303 1138 339 1180 ex
362 1119 410 1180 his
433 1128 464 1181 et
487 1120 585 1182 oleum
613 1121 692 1199 quod
719 1120 884 1200 appellatur
906 1120 988 1181 meli·
1034 1123 1050 1157 *

82 1224 153 1268 num
176 1207 504 1269 faciuntvehementer
527 1209 782 1271 adcommodatum
805 1208 841 1269 ad
865 1227 899 1269 ea
922 1226 986 1269 cor·

81 1297 163 1374 poris
177 1297 247 1356 vitia
261 1315 336 1376 quae
352 1300 476 1376 styptica
486 1301 596 1360 virtute
610 1297 745 1378 pellenda
759 1306 838 1359 sunt.
861 1301 986 1358 maxime

81 1391 181 1445 tamen
203 1403 240 1445 ex
263 1403 299 1445 eo
323 1385 448 1446 sudores
467 1386 584 1448 molesti
606 1387 734 1448 detineri
757 1386 853 1447 solent
875 1395 905 1447 et
928 1395 987 1447 sto-

82 1473 179 1533 machi
202 1483 305 1553 aperta
328 1477 466 1554 componi
484 1483 515 1536 et
537 1475 660 1536 vulnera
682 1477 714 1535 in
737 1477 832 1554 capite
856 1484 924 1537 nata
947 1475 987 1535 le·

44 1574 69 1615 15
82 1563 149 1623 uiri.
185 1562 260 1623 haec
276 1564 362 1624 sicco
381 1562 428 1624 die
448 1570 515 1624 ante
538 1564 693 1626 meridiem
716 1564 791 1625 lecta
815 1571 845 1626 et
866 1563 989 1625 linteolo

82 1651 238 1712 mundiore
266 1659 391 1731 purgata
419 1655 514 1713 vitreo
541 1670 610 1712 vaso
640 1655 832 1713 inmittuntur
865 1661 895 1713 et
923 1653 990 1713 oleo

82 1737 189 1799 deinde
213 1743 419 1801 recentissimo
439 1759 490 1801 vas
508 1741 544 1800 ad
565 1759 661 1820 usque
684 1742 785 1802 fauces
803 1740 942 1820 repletur
960 1749 990 1801 et

82 1827 158 1905 pelle
183 1837 357 1908 coopertum
379 1828 522 1890 umbroso
544 1831 576 1889 in
598 1828 664 1888 loco
688 1836 832 1889 servatur.

145 2055 263 2130 Cydonia
279 2058 387 2131 plurimi
403 2060 576 2116 eustomaolra
587 2067 761 2120 vocaverunt.
793 2060 910 2133 styptica
927 2075 990 2115 con·
1009 2059 1065 2127 (68)

41 2151 69 2192 20
83 2141 204 2214 primunt
226 2143 330 2199 urinam
345 2152 459 2218 propter
480 2145 664 2200 austeritatem
679 2160 767 2200 suam.
805 2142 887 2200 cruda
902 2151 992 2198 auste·
1088 2186 1091 2190 .

83 2225 157 2281 riora
181 2234 209 2282 et
223 2226 440 2300 vehementiora,
462 2237 539 2287 cocta
561 2236 639 2302 grata
661 2236 689 2285 et
711 2227 824 2285 leviora.
861 2225 943 2283 cruda
965 2234 992 2282 el

154 2453 169 2501 1
190 2445 355 2518 saepiusque
373 2448 418 2504 rb.
440 2448 590 2518 {cydonea
612 2464 665 2518 po:
688 2447 806 2502 cidonea
824 2448 846 2515 l,
870 2444 989 2515 cydonia
1007 2446 1038 2511 b,
1061 2445 1100 2500 ci-

82 2515 163 2572 lonia
180 2533 205 2574 r.
259 2523 275 2572 2
295 2518 447 2574 seminibus
465 2519 531 2588 pol:
550 2535 600 2575 orn.
619 2520 665 2573 rb.
681 2521 686 2587 Ι
702 2519 732 2573 ei
748 2519 814 2588 pol:
834 2533 868 2571 ex
885 2517 931 2571 rb.
948 2518 953 2584 Ι
972 2515 1100 2571 interiori

82 2588 128 2643 rb,
173 2588 348 2645 tuendus:
367 2591 408 2645 sic
421 2591 551 2659 octub).
597 2594 614 2644 5
628 2589 763 2660 prodatur
775 2588 891 2658 polbm:
905 2587 1041 2657 probatur
1053 2588 1099 2641 rb.

86 2658 186 2729 lHanc
203 2660 270 2730 gol:
290 2677 376 2730 quam
393 2662 437 2716 rb.
454 2660 615 2730 {liquato-m
631 2661 745 2731 potor:
765 2660 887 2714 colatum
905 2658 949 2713 rb.
997 2665 1013 2713 6
1032 2675 1101 2714 vasa

82 2729 179 2798 picata
196 2731 297 2801 v(rl›),
315 2748 384 2787 vasa
401 2731 489 2802 picita
507 2732 567 2801 (cic)
584 2748 614 2800 y:
637 2747 704 2786 vase
722 2729 817 2801 picato
837 2732 855 2785 t.
876 2731 881 2800 Ι
900 2729 963 2785 loco
981 2730 1048 2799 pol:
1071 2728 1101 2782 in

82 2800 147 2857 loco
164 2801 210 2857 rb.
274 2808 288 2856 ‘l
313 2803 435 2858 solamne
452 2819 483 2873 p,
511 2802 616 2885 colline
634 2818 660 2856 o.
677 2806 682 2872 Ι
701 2801 824 2856 maximo
843 2802 860 2856 l.
925 2807 942 2856 8
965 2801 1054 2871 possit
1070 2816 1101 2870 p:
1185 2857 1189 2865 ,

82 2875 180 2997 titi
196 2873 248 3000 lli
264 2874 591 3013 titillantia
603 2873 896 3015 attitulati?
914 2872 969 2996 'li
990 2872 1103 2996 salli?

83 3013 231 3069 modatum
272 3031 297 3070 o.
362 3021 395 3069 12
414 3015 520 3071 virtute
541 3017 607 3085 polz
636 3030 686 3071 om.
704 3016 750 3071 rb.
812 3020 845 3069 14
864 3014 973 3084 aperta:
1002 3013 1101 3081 operia

83 3085 215 3155 gauri).
230 3029 334 3168 [deciri
352 3087 444 3155 rb(l):
464 3084 541 3141 liniri
558 3103 605 3157 go.
657 3091 690 3140 15
710 3086 784 3142 sicco
802 3081 918 3167 diolci.
938 3083 990 3166 Ρῑ.Ι
1003 3087 1101 3150 talou

28 3200 38 3219 ,
82 3170 139 3210 non
157 3196 164 3210 .
181 3197 187 3211 .
203 3198 209 3210 .
228 3173 260 3210 rn
277 3155 381 3212 umidis
399 3158 476 3224 nata)
498 3159 595 3228 g(rb):
624 3155 752 3213 siooiidie
775 3156 818 3223 ol,
842 3169 881 3208 src
905 3152 1008 3208 cotidie
1028 3153 1101 3224 dul

83 3227 149 3282 anie
166 3225 213 3297 'gia
232 3226 268 3281 ad
282 3229 327 3282 rb.
343 3228 348 3296 Ι
364 3230 394 3283 et
412 3228 442 3283 in
460 3228 577 3284 linteolo
596 3227 712 3296 (lineolo
725 3227 774 3295 pv)
788 3243 825 3279 m.
839 3242 867 3294 p.
881 3224 947 3306 gol,
967 3225 996 3306 et
1013 3223 1103 3279 linteo

82 3300 204 3368 purgato
223 3298 369 3354 mundiore
387 3300 424 3354 ab
449 3299 540 3367 (omui
555 3298 605 3366 in).
670 3302 704 3351 16
722 3296 813 3352 vitreo
831 3310 903 3370 vaso*
923 3296 1105 3350 inmoramur

82 3382 142 3436 syo:
170 3367 202 3424 in
224 3368 315 3424 vitreo
339 3385 407 3426 vaso
434 3371 511 3440 (vase
537 3371 557 3437 l)
584 3366 738 3422 mittuntur
761 3368 828 3436 gol,
855 3366 885 3419 in
909 3364 1032 3420 vitreum
1056 3382 1106 3421 ras

82 3432 236 3495 mittuntur*
252 3441 297 3495 rb.
354 3446 387 3495 1⁷
406 3443 435 3496 et
453 3438 643 3504 recentissimo
664 3438 726 3493 olco
744 3453 794 3493 vas
814 3451 902 3507 usque
920 3437 961 3489 ad
974 3435 1000 3490 il
1013 3455 1045 3489 c.
1058 3438 1114 3489 ot.

84 3508 143 3581 lad
160 3527 247 3580 usque
262 3527 295 3582 με
314 3528 401 3582 acque
420 3510 456 3567 ad
474 3511 585 3583 ollrb).
