2416 3900
509 189 727 253 -94-

291 360 311 392 *¹
379 354 463 416 cudis
499 353 612 414 utiliter
648 351 768 414 bibitur.
823 353 876 413 sed
912 361 942 413 et
978 345 1126 414 humanus

263 454 351 517 30,88.
379 444 498 522 sanguis
517 443 572 502 hoc
592 443 662 503 vitio
684 441 799 502 liberat.
836 440 875 502 lel
893 444 1033 521 agninum
1058 461 1127 504 cum

278 535 315 588 ib.
378 532 465 592 melle
493 531 538 592 vel
561 530 688 591 cocleari
714 530 760 591 vel
787 530 877 609 ligula
905 533 1042 592 sumitur.
1080 550 1126 593 ca·

378 620 459 682 tulus
482 620 593 681 lactans
611 619 727 680 absciso
746 622 842 700 capite
861 627 891 680 et
913 619 1054 703 pedihus,
1078 639 1125 681 ex·

379 713 468 771 sectis
491 710 666 789 interaneis,
695 709 822 769 ex'vino
847 715 876 768 et
899 726 998 789 myrra
1021 717 1151 771 coctusi

263 807 350 871 adeo.
379 798 486 860 editur.
525 792 646 858 'viverra
678 805 795 877 sumpta
831 799 862 857 in
895 795 961 857 cibo
993 797 1125 878 prodest.

278 888 315 942 ib.
378 888 487 949 lacerta
514 886 617 947 viridis
646 885 742 947 ablato
770 889 866 966 capite
889 893 920 947 et
945 885 1074 966 pedibus
1097 894 1128 947 et

228 959 288 1026 (Μ
303 959 350 1027 rb)
378 979 540 1037 interaneis
569 979 601 1036 in
629 975 695 1036 cibo
724 976 811 1036 datur
838 974 955 1035 condita
984 982 1018 1035 ut
1045 975 1126 1037 lasti-

278 1065 314 1121 ib.
378 1066 460 1127 dium
492 1065 598 1144 abigat.
640 1063 808 1145 coclearum
840 1066 915 1124 einis
942 1063 1042 1125 addito
1074 1063 1127 1124 lini

379 1157 491 1216 semine
519 1161 549 1214 et
576 1156 689 1214 urticae
714 1172 749 1213 ex
779 1152 864 1213 melle
893 1152 1030 1213 inlinitur
1058 1170 1126 1214 cum
1140 1164 1167 1203 1⁰

263 1252 350 1314 aona.
379 1244 447 1307 snle.
484 1245 568 1303 iecur
591 1242 717 1303 vulturis
744 1244 849 1302 tritum
877 1259 945 1302 oum
973 1260 1028 1302 suo
1059 1260 1125 1302 san·

379 1335 468 1412 guine
491 1333 667 1410 propinatur
689 1338 736 1391 ter
760 1332 890 1410 septenis
914 1329 1028 1391 diebus.
1065 1347 1125 1391 me·

378 1421 435 1481 lius
454 1421 576 1499 prodest
597 1422 622 1480 si
641 1437 674 1480 ea
694 1422 754 1479 avis
774 1438 842 1480 cum
861 1419 1007 1480 occiditur
1026 1426 1127 1480 satura

263 1516 349 1578 3237.
379 1511 436 1569 erit
459 1508 587 1569 humano
611 1508 760 1568 cadavere.
798 1507 838 1568 iel
865 1507 1025 1569 testudinis
1048 1509 1125 1569 nari-

245 1605 350 1667 32‚112.
378 1596 434 1658 hus
448 1597 566 1657 inlitum
584 1599 729 1656 iacentem
749 1598 844 1676 erigit.
872 1596 1029 1677 coagulum
1042 1595 1126 1658 vituli
1140 1605 1167 1647 1⁵

377 1688 484 1747 marini
506 1684 619 1746 bibitur
647 1703 715 1746 curn
742 1685 817 1746 lacte
846 1688 955 1766 equino
983 1693 1035 1747 aut
1057 1685 1126 1746 mali

277 1774 330 1828 ib„
377 1776 479 1855 punici
511 1793 583 1834 suco
611 1782 662 1835 eut
694 1773 790 1834 mulso
823 1782 914 1835 aceto.
956 1781 1126 1836 castoreum

377 1866 409 1924 in
432 1866 508 1924 aceti
531 1863 619 1923 mulsi
642 1863 754 1942 cyathis
777 1862 875 1924 tribus
897 1865 1006 1924 ieiunis
1029 1864 1125 1924 datur.

278 1953 313 2007 eb.
376 1955 403 2011 is
436 1954 487 2031 qui
519 1953 637 2031 saepius
665 1951 774 2012 cadunt
802 1952 929 2031 clystere
956 1951 1126 2013 infunditur

377 2040 447 2101 hoc:
470 2043 597 2102 castorei
611 2040 767 2102 drachmae
782 2041 871 2123 duae,
890 2040 985 2102 mellis
998 2040 1126 2123 hemina,
1138 2049 1167 2090 2⁰

263 2139 351 2202 30,90.
379 2129 437 2190 olei
464 2130 595 2210 hemina,
627 2147 720 2209 aquae
751 2131 897 2191 sextarius
920 2144 941 2190 1.
982 2130 1126 2191 mustelae

246 2228 350 2292 temno.
379 2220 509 2279 marinae
528 2221 612 2280 iecur
630 2221 661 2279 in
676 2218 742 2279 cibo
761 2218 837 2279 bene
852 2221 988 2279 sumitur.
1020 2236 1126 2279 carnes

379 2309 516 2386 caprinae
538 2309 661 2386 inrogo
684 2307 811 2368 hominis
834 2315 928 2368 tostae
947 2306 1029 2368 hunc
1048 2312 1143 2368 mor·‘

278 2398 315 2452 ib.
377 2394 450 2455 bum
472 2395 632 2474 depellunt.
670 2398 783 2474 caprini
807 2396 852 2456 rel
880 2397 992 2457 cervini
1015 2414 1126 2457 cornus

378 2485 438 2544 usti
462 2484 548 2544 nidor
571 2483 735 2546 adhibetur.
1138 2493 1167 2533 2⁵

181 2765 195 2813 1
211 2758 319 2813 utiliter
332 2776 392 2828 eno:
411 2761 457 2816 vel
470 2760 554 2816 vituli
571 2765 615 2817 ter
634 2764 693 2832 (stc)
711 2764 803 2831 qdrb.
859 2767 875 2815 3
894 2761 940 2816 vel
954 2778 977 2817 c.
993 2781 1019 2818 v.
1033 2761 1125 2832 ligula

110 2847 159 2887 om.
181 2831 227 2885 Pl.
281 2830 424 2886 enecans
442 2849 472 2901 με
492 2836 566 2887 tens
581 2835 620 2888 dt
635 2834 713 2902 (Pe).
738 2836 741 2900 Ι
767 2831 884 2887 exsectis
902 2831 1055 2888 interaneis
1073 2848 1123 2887 om.

111 2903 156 2961 Pl.
211 2907 227 2957 5
246 2901 332 2956 mirre
349 2903 414 2957 dbm
428 2903 510 2972 (Pl.);
534 2907 615 2960 aceto
633 2905 678 2962 rb.
734 2912 749 2959 6
768 2904 887 2959 Vivarra
903 2920 935 2973 9,
957 2903 1081 2959 Vinerre
1097 2904 1124 2970 d,

108 2973 420 3042 montemorenceio
434 2975 469 3042 b).
516 2980 531 3027 7
547 2979 577 3029 et
588 2975 740 3030 interaneis
753 2991 804 3030 om.
820 2975 866 3030 Pt.
912 2980 946 3029 10
960 2973 1125 3044 ind)linitur

110 3063 173 3101 cum
193 3050 237 3119 (ex
256 3048 283 3115 r)
302 3045 360 3100 sale
378 3046 473 3113 oded:
492 3043 576 3099 linitu
594 3047 629 3114 (o.
649 3047 666 3102 i.
685 3048 783 3117 unctu)
806 3047 907 3100 sanant
925 3046 971 3100 ΡΙ.
1028 3051 1062 3100 13
1081 3061 1124 3100 se-

108 3121 173 3175 tnrc
190 3119 285 3189 ydrb:
305 3118 430 3172 saturato
446 3125 494 3186 9⁶.
550 3121 584 3169 14
602 3116 727 3172 humone
744 3118 803 3187 (sic)
821 3133 847 3188 9.
873 3119 877 3184 1
902 3116 938 3171 de
956 3116 1081 3172 humano
1100 3131 1124 3171 c.

108 3191 247 3260 cimolos).
308 3194 340 3244 15
358 3187 471 3244 inlitum
490 3185 604 3256 (illitum
619 3189 645 3258 b)
663 3189 714 3259 qb:
733 3188 868 3243 illinitum
886 3189 914 3244 d.
969 3193 1003 3242 16
1021 3185 1125 3242 marini

106 3261 190 3316 vituli
211 3264 237 3317 d.
302 3267 335 3317 19
354 3261 473 3330 clystere
494 3257 679 3315 infunduntur
700 3260 804 3315 haece
831 3258 945 3328 (clyster
962 3258 1122 3313 infunditur

107 3329 157 3385 ille
175 3335 211 3402 b).
234 3337 239 3402 ι
262 3331 431 3387 infunditur:
456 3347 492 3387 se.
512 3333 667 3386 castoreum
688 3331 753 3400 (hoc
775 3330 914 3401 clystere).
976 3328 1123 3384 tomellis

108 3402 138 3454 et
160 3402 216 3456 olei
237 3402 374 3458 sextarius
397 3405 428 3459 et
449 3419 538 3473 equae
564 3401 731 3457 tantundem
755 3403 799 3457 Pi.
862 3406 899 3456 24
920 3400 1124 3471 caprini—ad·

81 3469 218 3592 dbgijtgr
230 3472 288 3539 qb:
314 3488 364 3531 om.
389 3476 416 3532 d.
443 3476 447 3545 Ι
473 3473 635 3531 adhibetur:
665 3473 804 3544 (morbum
831 3471 944 3550 ipsum)=
967 3471 1125 3542 deprehen·
