2416 3900
470 159 711 223 -169-

84 325 155 385 teris
174 330 205 383 et
224 341 314 383 coxae
332 321 452 398 dolores
473 340 541 382 cum
562 324 687 401 axungia
705 329 805 383 vetere
826 323 986 384 efficaciter

83 412 284 475 admoventur.
321 411 449 472 eundem
472 413 603 471 cinerem
627 413 652 471 si
675 414 741 490 quis
764 411 896 491 psilotris
917 431 986 473 curn

82 507 165 562 aceto
179 509 210 561 et
223 498 319 561 lasere
334 502 535 581 coniunxerit,
549 499 674 560 detracti
687 500 740 579 pili
753 518 814 560 non
827 518 985 561 renascen-
1023 548 1048 602 G

82 599 138 651 tur.
176 589 254 668 apud
278 588 421 650 Guenum
442 591 561 649 invenio
584 590 696 649 semine
725 588 872 650 brassicae
896 591 1092 689 polopgmffl

56 681 267 756 maximeque
286 679 436 759 aegyptiae
461 695 536 756 quae
560 677 764 738 vehementior
785 677 829 739 illi
852 679 976 760 videtur,
988 697 1090 749 arata

82 765 244 827 lumbricos
267 775 298 827 ct
320 768 419 827 omnia
445 767 526 826 intus
553 766 688 827 animalia
711 768 852 845 extingui.
888 767 1091 847 pulvisPt.20,

82 857 223 917 ecinere
250 854 384 917 radicum
406 857 551 915 iacentem
579 873 665 916 uvam
693 853 845 915 subiectus
869 855 984 917 attollit.
994 856 1081 920 aces.

81 943 210 1005 llelitius
232 943 367 1005 adfirmat
389 961 462 1003 uvae
481 961 547 1004 esse
568 943 699 1004 remedia
716 943 847 1004 radicem
868 945 985 1024 plantae
1030 951 1046 985 *

82 1032 210 1094 avulsam
225 1032 361 1111 colloque
376 1049 550 1110 suspensam
565 1035 606 1092 ita
620 1051 657 1092 ne
672 1040 783 1093 terram
797 1041 866 1112 post
878 1052 984 1094 rtinca·

45 1135 69 1174 10
81 1122 192 1183 tionem
215 1123 374 1200 contingat.

145 1252 269 1308 XXXI.
302 1251 351 1306 Do
374 1264 549 1321 asparago.
756 1266 757 1269 ¹
1017 1241 1061 1295 Pl.

146 1351 294 1431 Asparago
327 1352 405 1411 Inest
432 1359 462 1411 et
495 1349 600 1412 caloris
629 1351 825 1434 aliquantum,
858 1351 909 1412 sed
941 1317 1080 1413 imaum.

81 1440 168 1500 etiam
201 1441 320 1520 styptici
353 1441 461 1519 vigoris
489 1447 690 1519 temperatura
721 1443 873 1502 miscetur.
914 1440 982 1501 inde

140 1616 263 1673 Catilium
286 1632 386 1691 genera
405 1625 470 1673 sunt
493 1619 626 1691 quinque,
656 1635 785 1675 cumanus
807 1621 983 1693 pompeianus
1010 1615 1065 1682 (29)

79 1699 197 1758 arlcinus
219 1700 362 1758 sabellicus
384 1701 517 1770 bruttius,
540 1718 593 1757 una
616 1703 701 1758 virtus
724 1702 818 1760 calida.
854 1720 983 1760 cumanus
1017 1703 1062 1755 Pl.

39 1785 197 1859 orossius,
219 1787 247 1842 in
270 1787 357 1860 capite
379 1784 446 1842 lusis
469 1794 497 1841 et
518 1785 659 1842 latioribus
687 1784 768 1842 loliis.
806 1790 982 1861 pompeianus
995 1779 1080 1842 19,41.
1181 1792 1183 1797 ’

78 1887 112 1927 ex
125 1871 177 1927 ima
192 1877 270 1944 parte
292 1869 467 1927 tenuissimus
483 1878 570 1926 totum
586 1887 686 1943 corpus
702 1871 729 1926 in
745 1879 826 1943 caput
848 1872 984 1928 contrabit
1093 1891 1108 1898 ·

79 1963 202 2011 tenerum
224 1955 290 2011 alias
313 1963 340 2011 et
361 1962 455 2012 contra
478 1954 580 2028 frigora
602 1953 747 2010 infirmum.
785 1955 914 2012 aricinum
930 1956 983 2011 ire·

78 2038 225 2112 quentibus
247 2039 336 2110 loliis,
364 2038 413 2095 sed
435 2041 482 2112 qui
506 2046 594 2094 tamen
616 2039 669 2094 alio
692 2039 772 2095 modo
796 2049 891 2113 pensat
914 2056 983 2114 quae
1077 2068 1084 2084 ·

76 2123 250 2190 reciduntur:
265 2124 381 2197 plurimo
394 2123 470 2180 caule
478 2124 637 2182 renascitur.
661 2123 804 2180 sabellicus
813 2132 854 2180 est
866 2126 980 2197 crispus,

36 2215 64 2255 2⁰
77 2223 175 2281 sapore
202 2208 390 2280 dulcissimus,
424 2223 532 2265 crassus
558 2208 586 2263 in
614 2207 703 2278 loliis,
731 2206 806 2264 caule
828 2207 981 2264 macilento.

76 2290 196 2348 bruttius
218 2292 343 2348 altissimi
365 2293 486 2365 fruticis,
509 2292 660 2348 tenuissimi
682 2291 764 2349 caulis
787 2300 815 2348 et
837 2291 906 2349 duri.

140 2375 170 2432 lu
198 2375 259 2433 cibo
288 2375 436 2447 utilissimi,
466 2384 494 2433 et
522 2383 642 2432 ventrem
669 2383 779 2433 movent
805 2383 832 2432 et
861 2378 974 2432 urinam.
1004 2373 1060 2439 (Pl.

74 2476 158 2517 sucus
187 2477 281 2517 eorum
303 2463 332 2517 in
353 2463 416 2518 vino
444 2462 544 2517 mistus
572 2461 675 2517 aurium
703 2461 816 2517 dolores
835 2461 981 2517 instillatus
992 2446 1081 2514 2⁰233)

75 2552 175 2601 sanet.
210 2561 302 2601 semen
325 2562 419 2601 eorum
442 2563 503 2602 cum
518 2547 579 2601 vino
602 2547 695 2601 tritum
718 2552 812 2620 potum
835 2545 981 2601 lumbricos

32 2639 61 2680 25
75 2636 104 2684 et
126 2631 213 2686 tineas
234 2631 337 2685 ventris
358 2633 504 2703 interficit.
543 2630 664 2686 calefacit
686 2639 714 2686 et
737 2629 773 2685 iel
797 2629 916 2687 deducit.

148 2802 161 2849 1
183 2796 212 2850 et
229 2811 315 2850 coxae
332 2796 397 2864 pol:
417 2812 557 2864 coxaeque
575 2797 619 2850 rb.
636 2797 640 2860 l
657 2799 751 2851 vetere
768 2796 834 2865 gol:
854 2795 890 2850 -ri
908 2799 952 2854 rb.
1004 2805 1019 2853 2
1039 2801 1086 2853 ud-

72 2868 204 2921 movotur
226 2882 272 2935 po.
298 2869 303 2936 1
328 2866 500 2935 eundemque
522 2867 567 2922 ab.
592 2869 596 2932 l
620 2866 786 2936 psilouhiris
808 2868 884 2935 rtb):
916 2869 1038 2938 spilotris
1060 2887 1086 2938 p,

72 2935 241 3006 piliensis,
269 2935 313 3006 pis
336 2936 416 2991 lociis
435 2938 452 2992 l.
511 2937 636 2992 3lasere
659 2955 711 3007 go:
738 2939 882 3005 insemel,
909 2940 1000 2994 lasere
1018 2939 1084 3008 abl

72 3006 246 3078 ciunolxerit
263 3025 288 3062 a.
338 3014 355 3061 4
374 3006 515 3077 galienum
534 3009 570 3062 lt.
588 3009 592 3077 Ι
608 3011 704 3064 autem
721 3007 832 3064 invenio
847 3011 891 3063 rb.
908 3011 912 3077 Ι
929 3009 1032 3064 semine
1044 3050 1049 3063 .
1061 3050 1085 3066 ..

72 3080 141 3150 poto
160 3094 221 3147 epo:
249 3095 344 3134 semen
363 3078 432 3146 (seui
449 3081 476 3148 o)
497 3121 503 3134 .
522 3120 549 3136 ..
568 3083 638 3150 potii
656 3081 786 3149 gollrb).
850 3086 866 3133 6
886 3078 1024 3148 extingui:
1046 3081 1086 3133 sic

70 3151 203 3219 poluit).
259 3156 274 3203 7
294 3167 309 3205 e
327 3151 392 3219 pol:
412 3165 478 3204 vero
497 3166 531 3204 ex
549 3151 593 3206 rb.
610 3153 615 3220 Ι
631 3150 745 3205 adtollit
761 3167 777 3203 o
797 3149 862 3217 (ate
879 3151 915 3219 p).
970 3155 986 3204 8
1005 3149 1086 3204 Meli-

71 3220 130 3279 tius
147 3222 217 3291 pol,
234 3220 361 3275 melicius
382 3220 440 3276 Odo
459 3221 504 3288 (cf.
518 3221 636 3276 Meletos
656 3221 700 3274 Pl.
716 3226 775 3286 28st
794 3234 815 3272 s.
834 3218 948 3276 Miletos
963 3221 1008 3275 Pl.
1026 3221 1084 3274 incl.

72 3295 131 3363 28):
160 3290 261 3346 Melius
285 3308 396 3362 quoque
418 3293 463 3346 rb.
488 3296 493 3359 l
518 3291 647 3346 adfirmat
668 3307 696 3344 o:
725 3290 848 3344 affirmet
868 3307 895 3360 9.
950 3297 965 3344 9
988 3306 1085 3345 runca-

69 3362 179 3419 tionem
190 3365 239 3418 b’t:
254 3363 458 3418 truncationem
466 3363 532 3431 gol,
547 3360 717 3416 evulsionem
726 3361 762 3414 rb
773 3359 864 3441 (Otto).
903 3368 934 3415 11
947 3365 976 3417 et
984 3378 1033 3416 om.
1044 3360 1083 3443 til

71 3433 281 3504 aliquantulum
299 3435 339 3489 td.
396 3439 428 3487 12
448 3432 534 3488 etiam
551 3431 596 3487 illi
613 3431 717 3502 vigoris
736 3431 844 3500 stiptrot
862 3433 883 3486 t.
902 3435 928 3489 d.
950 3435 959 3502 l
979 3431 1091 3501 stiptior

71 3506 155 3561 etiam
171 3522 191 3575 g
210 3505 339 3575 (styptici
357 3507 391 3576 c).
