2416 3900
497 207 739 272 -142-

116 367 169 507 201,J
162 368 205 493 3l3
282 412 358 469 VH.
389 413 439 468 De
462 411 625 481 atriplice.

134 545 197 600 Gai.
285 531 415 611 dtriplex
433 531 550 593 umidae
575 540 662 611 atque
683 531 806 610 trigidae
830 529 1013 593 substantiae
1036 527 1125 591 holus

107 622 214 676 ¹t843·
226 629 285 703 est,
314 620 439 701 amplius
468 628 566 681 tamen
590 639 626 680 ex
648 620 758 683 umido·
777 611 919 700 possidet.
959 625 990 681 et
1013 627 1061 680 est
1082 617 1125 679 illi

216 713 294 771 sicut
316 709 426 778 malvae
455 709 549 771 facilis
573 728 663 770 sucus
686 709 723 770 ad
749 709 873 790 lapsum.
909 707 978 769 inde
1001 709 1033 767 in
1057 706 1125 769 cibo

216 807 353 879 sumptus
380 798 546 860 indubitate
579 807 714 861 ventrem
732 797 873 860 'resolvit
920 795 1032 858 crudus
1062 799 1124 859 sive

216 895 320 949 coctus
342 890 490 967 inpositus
509 888 633 949 duritias
656 905 760 949 omnes
779 905 813 948 ac
836 885 1013 948 furunculos
1031 893 1153 947 saneto

215 975 410 1057 pernionibus
425 979 476 1055 qui
497 976 592 1036 adhuc
606 983 756 1058 aestuant,
779 982 938 1054 antequam
959 976 993 1036 in
1016 974 1124 1036 vulnus

176 1140 179 1145 .
216 1072 373 1146 erumpant
396 1063 510 1126 utiliter
528 1068 690 1145 inponitur.
719 1064 840 1127 scabros
859 1082 976 1144 ungues
995 1067 1061 1125 sine
1079 1065 1122 1125 in·

214 1156 292 1216 iuria
313 1153 425 1216 ulceris
448 1153 585 1216 detrahit.
609 1157 706 1234 ignes
726 1172 826 1216 sacros
850 1152 947 1235 sedat,
975 1152 1123 1232 podagrae

215 1244 364 1305 terrorem
387 1261 455 1305 cum
478 1246 557 1303 nitro
582 1252 613 1304 et
635 1251 718 1305 aceto
747 1261 816 1305 cum
843 1241 930 1303 mede
943 1243 1124 1322 restinguit.

215 1333 344 1394 Galenus
367 1332 402 1392 ad
427 1335 587 1411 atrrugines
607 1330 796 1412 expellendas
819 1333 887 1393 vino
911 1324 1017 1392 tritum
1039 1338 1070 1392 et
1092 1331 1122 1390 in
1137 1348 1166 1388 ro

214 1423 335 1502 potione
363 1421 543 1500 perductum
566 1422 715 1483 efficacius
737 1429 823 1500 putat
846 1438 949 1482 semen
972 1422 1047 1481 eius.

110 1612 214 1737 Ιὲῑδέίθ),
259 1580 264 1587 ,
282 1622 376 1677 VIII.
408 1623 457 1677 De
479 1621 629 1690 lapatho.
836 1724 839 1731 Ι

283 1738 432 1818 Lapathus
451 1739 561 1801 calidae
581 1748 611 1801 et
633 1748 769 1802 austerae
788 1742 907 1801 virtutis
926 1747 984 1821 est,
1008 1746 1038 1800 et
1056 1737 1145 1803 ideo,

215 1830 247 1889 in
276 1828 344 1889 ciho
373 1835 491 1908 sumpta
513 1837 649 1890 ventrem
671 1832 821 1910 reprimit,
845 1828 1030 1891 stomachum
1053 1844 1122 1888 con·

215 1917 326 1999 firmat,
349 1926 453 1979 ructus
477 1920 598 1999 excitat,
619 1917 777 1980 'conftmdit
799 1920 923 1978 urinam.
961 1933 1031 1978 cum
1054 1916 1122 1976 time

216 2005 377 2084 gallinaceo
398 2015 491 2093 ‘tunsa
517 2006 670 2086 paniculas
698 2008 818 2085 rumpit.
860 2025 962 2068 semen
989 2024 1026 2066 ex
1049 2014 1124 2084 aqua
1137 2017 1166 2060 1⁶

216 2093 263 2155 vel
290 2096 358 2154 vino
384 2102 490 2173 potum
521 2095 717 2175 dysentericis
745 2094 904 2156 subvenit.¹
921 2095 1124 2173 scorpionum

215 2185 338 2244 venenis
360 2182 552 2245 vehementer
570 2187 685 2272 resistit
702 2203 758 2245 nec
782 2181 866 2245 feriri
884 2183 1018 2245 creditur
1036 2199 1123 2261 posse

216 2274 268 2350 qui
290 2281 358 2332 ante
380 2276 616 2352 praesumpserit
640 2273 784 2335 eiusmodi
811 2273 972 2352 potionem.
1008 2270 1124 2335 radices

143 2511 200 2578 (32)
285 2504 406 2578 Atripler
422 2503 557 2560 humidam
573 2511 601 2560 et
616 2504 741 2578 frigidam
756 2506 883 2560 virtutem
897 2500 986 2558 hahet.
1020 2502 1049 2557 in
1064 2498 1124 2557 cibo

220 2597 328 2663 sumpta
350 2597 470 2645 ventrem
497 2588 587 2644 solvit.
627 2591 689 2646 trita
718 2588 783 2645 lolia
805 2589 863 2645 eius
893 2584 1055 2642 furunculos
1078 2600 1123 2640 cu·
1137 2603 1168 2646 so

219 2681 289 2730 rant.
326 2678 420 2729 semen
443 2674 502 2729 eius
527 2674 619 2729 tritum
635 2690 697 2730 cum
713 2674 773 2730 vino
788 2674 913 2729 icterieos
937 2677 1023 2728 curat.
1059 2667 1124 2725 lolia

217 2759 275 2813 eius
298 2759 360 2814 trita
383 2775 444 2814 cum
466 2758 545 2814 melle
568 2767 596 2816 et
624 2760 695 2815 nitro
723 2757 859 2832 podagrae
883 2755 1018 2812 servorem
1041 2751 1123 2810 tollit.

181 3003 195 3050 1
220 2997 331 3053 umidae
354 3015 382 3052 v:
410 2997 542 3053 humidae
559 2997 626 3065 gt}
651 2997 732 3051 holus
754 2996 814 3065 gol.
880 3001 896 3050 2
925 3010 959 3049 ex
987 2989 1124 3062 (humido

108 3084 148 3137 qo
158 3069 223 3138 (tb):
242 3070 278 3124 eb
291 3069 456 3125 humoribus
469 3087 492 3123 r.
543 3074 559 3122 3
574 3066 647 3122 sieut
659 3067 784 3123 meimet
802 3066 857 3121 oid.
872 3080 960 3134 attpra
974 3081 996 3120 c.
1016 3074 1037 3116 r
1046 3080 1072 3119 o.
1084 3066 1123 3117 18.

145 3146 161 3195 6
179 3140 388 3196 Pernicionibus
407 3141 425 3196 l.
479 3145 496 3196 8
514 3138 616 3193 ulceris
634 3139 702 3207 pol:
719 3154 769 3193 om.
788 3138 833 3192 rb.
855 3140 860 3206 Ι
879 3152 960 3200 soros
978 3137 996 3192 l.
1017 3138 1022 3204 l
1042 3137 1090 3190 cie.

109 3211 293 3282 trestinguit
309 3213 424 3280 poton:
450 3209 595 3277 restringit
618 3210 654 3264 rb
679 3212 830 3280 (utsupra
848 3225 871 3264 c.
895 3210 947 3276 Vr).
1015 3212 1049 3262 10
1073 3205 1124 3261 Ge·

107 3281 199 3337 lienus
207 3286 274 3352 ph).
292 3283 296 3352 Ι
313 3300 468 3354 auregenes
478 3287 621 3337 antemos.
631 3298 656 3351 9.
694 3283 735 3336 tit.
744 3280 875 3351 lapatho:
894 3278 1003 3349 tapetio
1012 3276 1125 3361 qoph),

107 3352 235 3424 leppetie
254 3355 314 3423 (sic)
332 3356 350 3408 t.
405 3360 438 3408 12
457 3353 603 3424 Lapathus
621 3369 682 3422 ego:
706 3351 856 3421 Lepetium
874 3367 892 3420 9
915 3352 991 3420 (post
1013 3349 1127 3405 voluto

110 3428 153 3478 eet
170 3426 230 3494 rb),
249 3441 298 3480 om.
318 3427 357 3481 vt.
409 3432 442 3480 13
461 3427 574 3495 sumpte
591 3425 659 3494 pol:
679 3429 821 3493 srmiptum
839 3422 883 3477 rb.
900 3425 905 3490 1
920 3422 1050 3479 ventrem
1067 3432 1124 3501 ego:

81 3509 233 3618 ursa
252 3496 706 3640 reflectuntur
729 3492 946 3634 crusni
967 3491 1125 3632 cruit
