2416 3900
505 155 725 219 -89-

106 319 190 378 vivus
212 316 382 377 dimittitur.
420 334 508 377 ranae
527 319 557 377 in
577 319 662 378 trivio
682 316 853 397 decoquuu·
882 330 987 392 32‚113.

107 414 155 468 tur
178 405 350 487 eumden,
374 422 479 466 carnes
502 424 605 467 earum
626 409 791 485 proiectae:
818 425 854 467 eo

105 495 171 556 oleo
194 500 323 555 utuntur
341 493 378 555 ad
396 497 576 556 unctionem.
610 495 659 555 alii
678 495 747 556 elixi
767 503 855 576 eaput
882 506 969 570 rouo.

105 601 201 646 unum
224 600 294 643 eum
316 582 464 662 laserpicii
484 581 571 645 obolo
594 586 625 644 in
648 586 716 644 vino
735 592 854 645 austero

78 671 228 735 obruitur.
265 671 434 732 hirundinis
456 673 518 733 limi
541 673 680 733 drachma
702 691 762 734 una
784 676 855 735 trita
883 684 988 748 aulon.

106 780 143 822 ex
164 760 252 822 lactis
271 762 385 839 caprini
403 768 454 822 aut
477 761 557 822 ovilli
575 769 626 822 aut
643 765 723 841 passi
743 762 855 842 cyathis

105 849 204 912 tribus
218 856 287 909 ante
301 851 504 910 accessionem
520 853 704 930 propinatur.
732 850 855 913 rubetae
883 861 988 925 32‚114.

106 956 197 1000 ranae
229 956 282 998 cor
309 937 355 998 vel
385 940 470 999 iecur
497 938 670 1018 adalligatur
698 942 730 1001 in
757 959 855 1020 panno
975 939 980 945 ’

105 1027 298 1107 leucophaeo.
326 1044 428 1088 semen
447 1029 529 1088 anesi
543 1027 641 1088 tribus
662 1029 761 1108 digitis
776 1047 854 1090 oom-
884 1039 988 1102 tutet.

66 1115 291 1199 aeprehensnm
314 1122 344 1177 et
372 1115 493 1176 leuiculi
522 1117 696 1178 tantundem
720 1136 756 1179 ex
779 1120 856 1178 acati

105 1204 198 1266 mtrlsi
224 1205 309 1284 potui
341 1204 429 1265 datur
456 1205 561 1284 cyatho
589 1223 658 1266 runo.
695 1208 728 1275 in
754 1206 856 1266 charta
928 1208 944 1242 *

105 1295 222 1374 virgine
240 1291 347 1354 scribis
367 1293 446 1373 quod
465 1295 498 1354 in
517 1295 623 1355 dextro
640 1292 763 1355 brachio
786 1295 855 1374 liga·
884 1287 945 1355 (⁰m·
960 1286 1008 1354 Ν1)

107 1390 172 1444 tum
193 1389 295 1461 portet
317 1381 367 1442 ille
390 1383 442 1461 quii
464 1384 589 1462 patitur:
616 1384 723 1444 recede
747 1383 783 1445 ab
805 1384 856 1444 illo

107 1469 180 1532 Gaio
205 1469 288 1552 Soio,
314 1472 454 1552 tertiana,
484 1471 624 1532 Solomon
654 1479 684 1533 te
712 1475 856 1559 sequitur.

67 1572 92 1613 1⁵
107 1561 180 1620 item
211 1577 321 1639 panem
352 1567 383 1620 et
414 1559 506 1620 salem
537 1563 569 1622 in
601 1560 692 1622 linteo
724 1558 760 1622 de
788 1561 856 1622 licio
929 1564 944 1597 *

107 1647 208 1728 alliget
231 1653 262 1708 et
284 1649 370 1708 eirca.
387 1647 523 1709 arborem
545 1649 615 1710 licio
634 1648 732 1729 alliget
756 1659 785 1711 et
808 1650 856 1711 ad·

107 1738 190 1798 iuret
220 1744 268 1797 ter
299 1755 354 1816 per
385 1755 491 1817 panem
525 1745 554 1798 et
586 1737 690 1799 salem:
727 1741 856 1800 crastino

107 1825 243 1905 hospites
266 1824 340 1885 mihi
362 1825 481 1886 venturi
504 1833 588 1909 sunt,
615 1828 758 1906 suscipite
782 1826 856 1888 illos.

107 1914 166 1975 hoc
188 1922 237 1975 ter
260 1913 347 1975 dieat.

177 2078 268 2137 m
291 2078 346 2136 Ad
367 2079 542 2136 tertianas.

66 2194 93 2234 20
178 2178 325 2261 Spongiae
357 2181 503 2241 africanae
536 2181 620 2241 einis.
647 2199 683 2240 cx
715 2180 780 2240 oleo
811 2180 858 2240 vel
886 2191 991 2253 31129.

107 2275 194 2331 aceto
217 2271 250 2330 in
272 2269 371 2331 fronte
393 2269 537 2331 inlinitur.
574 2277 643 2330 ante
666 2269 736 2330 solis
760 2276 859 2329 ortum
885 2278 991 2344 anno.

183 2442 377 2511 lcoquuntur
394 2441 421 2495 d.
476 2439 614 2496 warnos
637 2457 733 2496 earum
756 2440 862 2509 (eorum
886 2440 915 2509 d)
944 2437 1066 2509 proiecte
1084 2441 1127 2508 qd

108 2510 309 2581 (carnibusque
336 2526 432 2566 earum
459 2511 592 2580 proiectis
622 2514 652 2566 et
678 2511 741 2567 oleo
763 2511 882 2566 utuntur
908 2510 944 2566 ad
965 2529 993 2565 u.
1016 2510 1072 2577 rb).

107 2589 127 2637 4
150 2599 215 2637 oum
236 2579 380 2652 laserpicii
406 2581 489 2637 obolo
514 2582 572 2639 rt:
602 2599 666 2637 cum
687 2582 761 2637 laser
784 2582 852 2637 trito
878 2582 980 2650 (lasere
1002 2580 1071 2636 trito
1094 2583 1123 2650 d)

108 2653 194 2708 obolo
211 2654 267 2723 gel,
289 2668 354 2707 eum
375 2653 466 2708 lasere
486 2651 585 2708 tritum
608 2653 692 2707 obulo
706 2654 772 2721 rbi
793 2653 898 2707 austeri
912 2654 938 2708 d.
994 2659 1009 2707 ‘l
1031 2653 1125 2724 propi·

107 2726 193 2779 natur
220 2724 272 2794 yb:
300 2723 384 2778 datur
409 2725 436 2779 d.
518 2729 535 2778 8
562 2722 749 2794 adalligatum
777 2725 837 2794 (aie)
860 2741 892 2794 q,
920 2724 1054 2794 alligatur
1076 2725 1125 2780 db.

146 2794 319 2865 tileuoopeo
335 2795 425 2865 ydrb.
451 2796 455 2862 Ι
480 2793 558 2850 aneti
574 2794 668 2864 911νῦ,
691 2799 849 2864 decemper.
906 2801 940 2852 to
964 2798 993 2850 et
1013 2797 1126 2851 tantun-

107 2865 175 2920 dem
192 2865 248 2923 fen.
263 2866 291 2920 d.
306 2867 311 2935 1
328 2865 531 2921 ex—daturr:
551 2882 584 2921 ex
603 2864 676 2920 aceti
695 2866 740 2935 (ex
753 2865 827 2921 noeti
841 2867 924 2935 ooo)
943 2865 1028 2922 midsi
1045 2866 1127 2937 potui

108 2936 200 2992 datur.
221 2940 320 3006 cyrotus
333 2954 404 2992 unus
418 2937 448 3005 (1.
463 2937 492 3006 d)
506 2938 560 3007 od,
579 2939 608 2992 eb
625 2937 698 2993 aceti
716 2937 801 2992 mulsi
820 2938 937 3007 cynthus
955 2955 1032 2993 unus.
1045 2934 1127 3004 potui

108 3007 196 3065 datur
213 3007 239 3062 b.
295 3014 327 3064 11
346 3007 376 3062 in
395 3008 494 3062 charta
511 3013 559 3063 etc.
586 3009 652 3063 baec
668 3025 763 3065 revera
781 3010 922 3078 pertinent
940 3010 978 3062 ad
995 3022 1055 3074 cap.
1073 3021 1124 3075 seq.

107 3080 144 3134 de
160 3079 316 3134 minnan
345 3084 378 3133 12
398 3077 496 3134 scribis
513 3096 543 3149 9:
565 3079 611 3134 -be
629 3080 656 3134 d.
677 3081 681 3148 Ι
706 3082 802 3151 portet
818 3079 938 3149 ligatum
952 3078 978 3134 d.
1024 3081 1058 3130 13
1072 3077 1126 3130 Be-
1177 3097 1181 3105 ·

107 3149 235 3233 cedent
252 3147 304 3235 illo
323 3151 421 3220 .u.(ee'c,
440 3151 521 3220 quan
539 3167 623 3220 eoorp.
638 3167 693 3219 pro
707 3151 792 3221 enim)
810 3149 935 3204 terciana
953 3147 1012 3201 solo
1030 3147 1127 3202 monte

106 3220 723 3363 saturatatetramtl
737 3217 1127 3372 nutat-nutent

106 3361 197 3433 (lycio
220 3362 283 3432 Μ).
334 3369 368 3418 17
391 3367 435 3418 ter
456 3379 507 3433 por
528 3365 560 3418 d:
587 3379 637 3433 per
661 3363 705 3416 tor
721 3362 788 3430 qrb.
814 3362 819 3428 Ι
843 3359 886 3415 sal
908 3359 935 3423 d,
1000 3365 1033 3415 18
1056 3360 1127 3414 1111111

105 3433 238 3505 hospites
256 3434 302 3490 rb.
357 3440 390 3488 21
410 3436 502 3489 ortum
519 3433 670 3503 qrbtPt.):
694 3446 823 3487 occasum
842 3433 868 3486 d.
896 3432 967 3487 mole
984 3431 1048 3488 baec
1067 3446 1128 3487 cem

100 3505 336 3587 graeeedonttbue
353 3507 481 3577 (spongia
499 3505 565 3574 afr.)
584 3503 787 3558 contenderunt
805 3503 850 3558 rb.
