2416 3900
530 214 771 295 ..193-

310 416 383 475 LII.
416 418 464 473 De
488 417 627 479 sermio.

169 529 216 585 Pl·
276 584 280 589 .
311 535 413 597 Gerasi
446 535 539 597 viride
567 554 689 616 pomum
716 544 851 599 ventrem
870 544 999 599 umectat
1023 543 1054 597 ct
1083 557 1154 619 pro-

146 606 233 670 aare.
244 631 342 713 vocat,
361 624 478 687 aridum
496 627 588 695 siccat
609 632 639 687 et
658 624 781 710 detinet.
809 624 961 687 stomacho
970 625 1068 687 viride
1083 645 1154 710 con·

244 715 382 795 trarium,
410 716 523 774 siccum
551 732 694 793 perquam
722 713 795 775 utile
818 716 971 794 accipitur.
1007 714 1065 775 hoc
1089 719 1154 794 qni·

245 801 312 863 dam
340 804 509 863 existimant
537 809 567 863 et
598 804 715 864 urinam
744 820 872 863 movere.
913 821 930 862 a
959 821 1020 864 non
1050 807 1154 883 paucis

245 889 417 953 auctoribus
431 890 573 972 traditur,
590 892 616 952 si
630 908 716 952 manc
730 893 863 952 recentia
877 908 946 952 cum
960 894 1023 952 suis
1038 891 1153 954 nucleis
1167 903 1180 944 ⁵

245 977 382 1040 devorata
402 979 475 1060 sint,
498 979 596 1041 alvum
617 987 678 1041 tam
692 981 811 1060 copiose
830 979 925 1040 liuere
942 987 977 1041 ut
999 998 1036 1042 cx
1050 980 1154 1042 eadem

245 1086 334 1128 causa
361 1069 450 1129 etiam
477 1067 569 1148 pedes
584 1066 590 1076 “
603 1068 707 1130 morho
739 1067 867 1147 inpliciti
898 1066 1075 1130 liberentur.
1121 1069 1154 1130 tit

161 1151 224 1206 Gal·
247 1175 284 1217 ex
306 1156 353 1217 his
381 1156 577 1238 diacerasion,
606 1157 684 1236 qnod
714 1156 851 1218 omnihus
879 1164 983 1236 notum
1006 1165 1062 1218 est.
1100 1157 1154 1218 Ga·

137 1229 312 1306 'Hm-leno
335 1246 432 1326 placet
454 1264 514 1307 non
533 1264 622 1307 uuam
644 1248 676 1305 in
695 1245 833 1306 omnibus
853 1247 948 1306 cerasi
970 1248 1067 1325 pomis
1088 1264 1154 1307 esse

244 1337 397 1396 virtutem:
411 1352 480 1394 nam
494 1337 525 1416 in
539 1334 715 1413 quibusdam
726 1342 863 1396 austerus
874 1352 970 1415 sapor,
984 1336 1015 1394 in
1030 1334 1153 1413 quihus-
1168 1345 1194 1384 1⁰

244 1422 311 1483 dam
321 1425 433 1504 acidus,
442 1425 473 1484 in
483 1417 661 1502 quibusdam
671 1422 766 1484 dulcis
777 1430 906 1503 apparet.
926 1421 1026 1484 ctvult
1035 1431 1155 1485 austera

245 1510 281 1571 ad
295 1511 352 1572 hoc
362 1512 460 1573 valere
470 1520 504 1573 ut
512 1519 647 1573 ventrem
662 1513 875 1592 constringant,
889 1511 1075 1572 stomachum
1083 1529 1155 1573 vero

245 1600 430 1661 confirment.
463 1600 545 1660 acida
564 1601 675 1661 iudicat
697 1599 833 1679 flegmate
853 1598 1072 1662 abundantibus
1095 1608 1154 1662 sto·

245 1687 358 1749 machis
371 1696 532 1768 oportuna:
555 1707 623 1757 nam
637 1692 730 1768 magis
744 1691 858 1749 siccant
876 1696 907 1749 et
925 1690 1155 1750 crassitudinem

244 1775 392 1839 densioris
416 1779 529 1838 umoris
551 1776 694 1838 incidunt.
731 1777 828 1838 dulcia
856 1776 1007 1838 stomacho
1031 1779 1156 1839 adversa
1168 1785 1193 1827 1⁵

174 1861 212 1917 D·
248 1869 431 1947 pronuntiat,
446 1867 534 1927 citius
548 1873 647 1927 tamen
660 1884 715 1945 per
728 1868 869 1926 intestina
879 1865 1019 1927 defluere.
1043 1868 1156 1946 gummi

138 1937 335 2058 ἒὲῗῖῗᾳυοά
353 1962 480 2017 truncus
497 1955 675 2036 inlacrimat,
695 1962 883 2033 exasperatas
901 1956 1024 2016 arterias
1044 1957 1155 2036 optimc

171 2190 227 2259 (81)
309 2183 399 2242 Gerasi
419 2185 505 2241 viride
527 2201 637 2258 pomum
659 2193 780 2242 ventrem
802 2185 942 2242 humectat
964 2192 991 2240 ct
1013 2190 1156 2258 provocat,

246 2269 348 2325 aridum
377 2271 459 2327 siccat
486 2278 515 2325 ct
541 2269 654 2326 detinet.
697 2269 780 2325 viride
807 2271 949 2327 stomacho
977 2269 1155 2339 contrarium,

245 2354 346 2410 siccum
361 2352 439 2412 utile.
469 2356 496 2409 in
513 2354 566 2410 hoc
580 2370 661 2428 pomc
673 2362 730 2410 tres
744 2356 834 2410 inesse
845 2356 975 2410 virtutes:
997 2355 1025 2409 in
1041 2351 1155 2426 quibus·
1169 2362 1195 2403 20

246 2436 307 2494 dam
329 2446 455 2495 austerus
478 2454 573 2512 sapor,
597 2440 624 2494 in
646 2438 705 2495 aliis
727 2439 835 2510 acidus,
864 2440 891 2493 in
913 2436 1075 2512 quibusdam
1097 2436 1158 2492 dul·

247 2523 294 2578 cis.
324 2531 432 2580 austera
448 2531 569 2580 ventrem
590 2524 776 2597 restringunt,
798 2523 969 2579 stomachum
984 2519 1157 2579 confirmant.

246 2607 321 2663 acida
343 2607 443 2665 indicat
470 2607 597 2682 llegmate
618 2606 815 2664 abundantibus
838 2606 976 2664 stomacho
1007 2612 1156 2681 oportuna:

246 2707 307 2747 nam
335 2693 420 2767 magis
450 2693 552 2749 siccant
579 2700 608 2748 ct
635 2690 840 2750 crassitudinem
869 2690 1002 2748 densioris
1030 2691 1155 2746 humoris

210 2929 252 2984 tta.
278 2928 385 2984 ceresio
402 2931 516 2999 pol(r):
545 2945 639 2985 cereso
659 2931 683 2987 d.
757 2928 881 2984 lviride
903 2929 970 2997 pol:
999 2928 1055 2983 -dis
1073 2929 1121 2984 rh.

140 3006 156 3054 3
177 2999 332 3071 accipietur
349 3001 375 3055 d.
392 3002 402 3070 1·
413 3001 443 3055 et
459 3002 513 3055 hoc
530 3001 576 3069 rh.
631 3008 648 3054 4
666 3005 696 3057 el
712 3001 802 3071 pold:
823 3015 873 3054 om.
887 2999 932 3053 rb.
988 3003 1005 3053 5
1025 2998 1158 3054 Traditur

127 3087 159 3135 ,a
177 3072 344 3156 quibusdem
361 3070 386 3127 si
403 3072 451 3156 d..
485 3076 544 3126 6’c.
564 3089 585 3126 s.
605 3089 631 3127 n.
650 3073 836 3155 accipiantur,
855 3073 916 3125 tam
935 3086 958 3124 c.
977 3069 1075 3153 alnum
1093 3069 1121 3124 d
1147 3138 1154 3151 υ

139 3148 156 3197 '1
175 3144 272 3226 morho
290 3129 477 3214 rn(rm)phcrt'i
500 3143 568 3197 old:
596 3143 827 3224 morb11nplrcrt1
843 3157 874 3210 9,
897 3139 996 3195 morbo
1015 3140 1156 3210 implicati

139 3215 668 3370 atatuatttuua
701 3211 1157 3352 <a

133 3357 310 3496 uu
328 3355 974 3509 aaa(catatu.aaut
988 3352 1157 3492 aaa:

104 3495 225 3631 32θῖ
235 3499 377 3627 amb).
401 3506 452 3630 1174
461 3500 606 3632 offim
619 3515 666 3572 po.
701 3496 882 3554 ternadena:
901 3496 954 3550 aa!
964 3515 992 3551 τι
1002 3495 1052 3551 ecl
1065 3512 1156 3566 τμητι-

217 3584 247 3620 81
332 3613 339 3627 .
459 3591 477 3632 o
557 3590 621 3647 ep.
