2416 3900
464 124 685 190 -55..

50 289 257 368 decoquitur,
287 287 393 348 deinde
422 305 513 348 sucus
542 290 606 349 eius
637 289 814 368 exprimitur

63 385 94 439 et
115 378 202 457 potui
224 376 324 437 datur:
348 393 416 452 cum
436 384 520 436 eruta
539 383 585 438 est
603 376 683 438 inula
702 384 814 439 terram

63 485 125 526 non
144 463 234 526 debet
256 472 387 543 tangere.
424 463 514 525 alium
537 467 568 525 in
595 465 738 546 oxymelle
763 465 812 525 de·
841 476 928 540 2054,

63 562 183 616 coctum
203 553 370 615 devoratur.
406 551 492 614 betae
512 553 652 615 candidae
672 554 811 617 decoctae
840 566 927 630 1060.

34 643 246 705 sdevorantur
273 660 342 713 oum
370 641 425 703 alio
454 642 556 703 crudo.
593 662 669 722 aqua
695 645 726 703 in
754 661 812 723 qua
919 704 924 712 ,

61 732 158 813 lupini
181 732 317 791 coxerint
340 730 437 792 addita
464 739 531 792 ruta
555 738 584 792 et
611 734 713 811 pipere
737 731 812 793 bibi·

62 828 121 882 tur.
150 818 234 880 bulbi
252 837 347 899 genus
361 827 407 880 est
425 819 520 900 soille,
543 838 580 879 ex
592 838 653 898 quo
670 820 813 900 pusillum
840 832 944 895 rento

62 911 171 970 tritum
193 926 262 969 cunr
285 907 429 987 oxymelle
448 907 570 970 bibitur.
598 909 708 970 malum
725 911 811 990 puni·
840 921 944 985 lotoe.

64 990 259 1059 cum'tusum
279 996 435 1058 decoctum
453 1015 489 1057 ex
508 995 606 1058 tribus
628 996 756 1058 heminis
776 999 812 1059 ad

23 1102 48 1142 1o
61 1085 213 1147 heminam
239 1087 327 1147 tinias
355 1087 425 1146 eicit
456 1093 538 1165 potu.
579 1087 656 1146 acini
674 1086 810 1148 ,hederae
839 1098 926 1160 mar.

65 1173 148 1235 albae
182 1175 302 1235 contriti
334 1180 397 1235 tres
432 1192 469 1234 ex
496 1173 638 1254 oxymelle
670 1182 811 1255 prosunt:

60 1265 92 1323 in
124 1261 180 1324 hac
214 1264 367 1324 curatione
400 1264 538 1323 convenit
570 1270 600 1323 et
631 1265 728 1324 ventri
760 1281 811 1324 eos

61 1350 166 1413 eadem
187 1353 303 1421 ratione
323 1350 419 1411 inlini.
478 1344 481 1349 ’

126 1533 222 1590 xm.
245 1532 350 1591 Ideni.

76 1658 79 1663 ’
126 1649 212 1712 Lieni
236 1654 297 1712 sive
316 1651 411 1731 spleni
431 1652 511 1713 solea
529 1654 620 1731 piscis
638 1654 809 1730 imponitur.
837 1664 943 1726 aanor.

21 1753 46 1795 rs
59 1740 141 1801 idem
153 1746 286 1820 praestat
299 1740 404 1801 eodem
418 1740 505 1801 modo
520 1740 653 1821 torpedo.
686 1738 810 1801 rombus
872 1744 909 1797 ct.

61 1836 193 1890 comest
211 1830 367 1909 impositus
389 1831 473 1889 vivus
492 1831 524 1890 in
538 1847 619 1889 mare
638 1829 809 1889 remittitur.

58 1935 136 1996 aqua
149 1915 263 1978 bibitur
276 1919 307 1977 in
322 1935 380 1996 qua
389 1916 490 1978 holera
507 1917 631 1978 decocta
641 1919 702 1978 sint
711 1915 809 1978 addito
882 1921 898 1953 *

57 2005 128 2067 sale.
157 2007 223 2065 eius
241 2007 294 2085 qui
313 2005 433 2066 cottidie
454 2007 572 2067 ieiunus
592 2024 696 2067 ervum
714 2005 810 2067 ederit
838 2014 942 2080 aanor.

32 2243 45 2265 0
134 2199 149 2247 1
169 2192 271 2248 deinde
284 2194 323 2263 pb
343 2194 446 2261 (Marc.
456 2211 487 2262 p.
503 2195 578 2263 200):
598 2192 731 2248 dimidius
750 2192 796 2247 d.'
827 2197 843 2244 3
858 2190 943 2245 debet
960 2193 1075 2262 tangere

55 2265 143 2335 9(b)=
162 2265 264 2333 tangat
277 2267 303 2318 d.
325 2266 329 2332 Ι
354 2263 384 2317 in
398 2263 554 2333 oximellip
573 2264 678 2332 (melle
696 2264 759 2332 db):
778 2261 809 2315 in
826 2263 906 2316 aceto
924 2262 1016 2317 mulso
1031 2263 1077 2318 Pl.

95 2333 239 2391 ebibitur
256 2336 307 2405 pb:
327 2350 377 2390 oro.
396 2336 423 2390 d.
492 2342 507 2390 7
527 2335 604 2389 Bulli
620 2352 639 2404 p
656 2334 751 2403 (Bulbi
768 2342 801 2404 9⁰
825 2334 896 2402 rec).
922 2334 927 2399 Ι
951 2332 1076 2386 bulbi—

55 2408 98 2476 (8)
117 2404 249 2461 oximelle
263 2422 313 2461 om.
333 2407 357 2460 b.
383 2409 387 2475 Ι
412 2423 468 2476 quo
485 2422 515 2475 p:
534 2422 590 2476 qne
609 2407 634 2461 d.
690 2412 789 2460 8cum
813 2402 944 2458 oximelle
961 2404 1016 2473 pd:
1041 2419 1075 2458 ex
1127 2466 1130 2475 1

55 2477 139 2532 aceto
158 2477 189 2530 et
204 2476 288 2532 melle
304 2477 350 2531 Pl.
400 2483 424 2540 0Ι
436 2494 469 2531 ex
486 2477 576 2532 tribus
594 2477 714 2531 heminis
729 2475 764 2530 ad
782 2473 926 2531 heminam
939 2475 978 2544 pb
993 2476 1076 2544 (Pl.):

55 2563 100 2602 ex.
120 2567 173 2602 nn.
193 2552 274 2601 oimm
298 2548 358 2617 (cic)
377 2547 413 2602 ad
432 2547 554 2603 eminam
573 2548 598 2603 d.
672 2554 706 2602 10
728 2547 813 2602 tinias
835 2562 865 2616 9:
893 2545 985 2601 tineos
1003 2547 1072 2618 dol

54 2619 158 2688 potum
179 2634 206 2686 p.
292 2624 325 2671 11
350 2617 464 2674 contriti
484 2620 541 2673 tres
564 2634 598 2672 ex
616 2617 746 2673 oximelli
773 2618 822 2686 (·le
841 2618 867 2686 b)
886 2617 1076 2687 9101111111

55 2689 140 2753 aceto
158 2687 250 2744 mulso
270 2689 340 2759 Pl.):
356 2686 419 2743 triti
436 2688 467 2742 in
529 2691 558 2744 et
576 2688 705 2744 oximelle
731 2689 781 2758 (etc
798 2704 859 2745 ewa
882 2689 954 2758 albo)
973 2689 1005 2757 d,
1025 2690 1076 2744 ubi

54 2759 88 2823 in
106 2763 145 2814 eet
158 2765 309 2828 promet
326 2761 419 2815 album
437 2777 470 2814 eac
488 2761 643 2815 coniectura
660 2760 803 2828 scriptorio
820 2759 945 2814 relictum
958 2765 1075 2830 propter
1184 2758 1188 2773 “

54 2830 129 2886 ider
147 2828 178 2884 iu
196 2830 241 2898 (of.
263 2831 354 2886 Marc.
369 2847 400 2899 p.
420 2833 548 2886 2001111
567 2829 681 2884 contriti
698 2830 729 2899 in
747 2829 916 2900 oxymelite).
981 2836 1013 2885 12
1033 2831 1074 2886 in·

54 2899 112 2955 lini
136 2915 167 2970 p:
199 2900 338 2956 illinirib
367 2903 406 2970 (et
432 2901 524 2956 ventri
553 2900 712 2956 illiniantur
735 2918 782 2957 eos
805 2918 828 2957 e.
852 2901 966 2957 racione
993 2903 1030 2970 d).

53 2972 98 3027 ot.
118 2968 202 3027 Lieni
221 2972 251 3027 et
267 2971 357 3042 spleni
374 2988 405 3041 p,
433 2972 478 3026 Ad
496 2972 664 3043 spleneticos
683 2974 709 3028 d.
733 2974 791 3042 (hoc
809 2973 892 3028 etiam
910 2989 969 3041 cap.
989 2975 1076 3026 totum

52 3056 108 3097 om.
132 3043 169 3111 r).
242 3046 277 3097 14
299 3043 380 3098 Lieni
403 3043 462 3098 sive
486 3043 578 3113 spleni
605 3045 647 3113 (ut
664 3045 696 3098 irc
718 3045 776 3100 lod.
796 3044 848 3113 tit.)
867 3059 896 3112 9:
921 3058 970 3096 om.
994 3042 1020 3095 d.

55 3118 89 3168 11
109 3112 213 3182 prata
230 3113 439 3238 (==Krestatp).
463 3113 541 3170 Haec
558 3115 598 3169 sic
615 3115 694 3169 habet
712 3116 741 3170 b:
761 3112 870 3184 Splenis
889 3110 979 3192 dolori
998 3111 1075 3166 solea

73 3183 144 3239 iocis
163 3184 261 3239 contro
296 3184 395 3255 'gater
424 3185 586 3256 Torpedorr'r
610 3188 639 3240 11
660 3186 790 3253 tuscum,
808 3182 833 3237 si
852 3181 964 3237 vindos
982 3197 1075 3250 super·

67 3253 74 3267 ’
118 3254 264 3310 turbone
286 3254 427 3311 medicina
449 3258 505 3325 est,
529 3256 578 3312 sed
600 3257 678 3327 prius
701 3272 787 3325 quam
809 3252 927 3307 solvitur
945 3252 976 3307 111
997 3268 1074 3307 mare

49 3324 221 3381 remittitur.
246 3326 527 3398 (cfiMorc.p.16l'>).
553 3330 557 3396 1
582 3326 706 3395 torpedo.
725 3322 878 3378 rombusd:
893 3323 1076 3392 torpedorum

50 3395 109 3463 bus
132 3412 152 3468 9
175 3396 222 3466 (cf.
245 3397 280 3467 b).
354 3404 387 3454 16
411 3415 475 3453 enm
498 3398 606 3466 est(?):
636 3411 750 3450 oumeo
771 3393 821 3462 qd.
854 3460 860 3473 ·
894 3398 928 3447 17
948 3393 1006 3450 sint
1022 3396 1075 3465 pb:

48 3468 124 3524 flunt
136 3468 164 3523 d.
213 3472 247 3524 18
262 3470 498 3539 ervumyd(Pl.):
517 3483 609 3522 serum
628 3466 766 3537 1,(11111111
784 3479 930 3533 oapnnum
944 3469 991 3522 etc.
1007 3465 1046 3521 Μ
1048 3467 1076 3534 t).
