2416 3900
582 78 801 141 -73-

250 280 295 337 IL
318 278 550 349 sanguimen
571 280 776 339 vulneribus
798 282 959 338 sistendo.

250 398 355 460 Fimns
379 398 540 461 caballinus
563 419 633 461 cnm
660 420 783 462 ovorum
805 404 932 482 putami-
960 412 1065 475 tonia.

56 480 70 580 l
183 488 273 551 nibus
292 495 442 549 crematur
463 490 548 567 isque
568 492 642 550 cinis
661 491 841 569 spathomela
860 493 932 552 mix·

10 576 14 608 ’·
63 604 70 661 '.·
141 648 145 655 ¹
183 585 233 639 tus
255 578 422 656 immritur
443 577 544 657 plagae
569 575 598 657 <=
621 580 695 638 mire
720 576 828 659 sistit>.
852 580 932 660 polp·
960 589 1065 653 sapit

10 659 35 699 ·⁵
62 668 71 708 ἕ
182 684 241 747 pus
263 672 352 727 tirsus
374 666 405 725 in
428 666 486 745 pila
509 669 540 726 in
564 667 684 728 modurn
708 668 860 748 emplastri
883 669 931 728 ad·
1010 711 1014 720 .

154 754 313 816 thibetnr.
351 760 454 815 cortex
476 756 580 816 vitium
607 764 638 816 et
665 756 734 817 lolia
762 757 842 817 arida
865 766 933 818 tusa
959 767 1029 831 aaa.

182 845 215 905 in
234 842 331 905 farina
349 845 523 922 sanguinem
542 846 652 905 sistunt
671 852 701 904 et
718 845 826 906 vulnus
845 846 931 925 gluti·

182 940 265 993 nant.
306 929 375 991 tolia
402 934 512 1010 persici
540 935 611 993 trita
641 942 670 994 et
698 935 834 1014 imposita
864 934 931 994 hae·
960 945 1064 1007 aanor.

181 1018 373 1099 morrhagian
406 1022 523 1082 sistunt.
567 1022 674 1101 pilulae
706 1022 816 1102 platani
848 1032 931 1084 tusae
960 1028 1039 1091 atat
1058 1025 1117 1093 (om.
1137 1026 1162 1094 r)

10 1108 33 1147 'l
183 1126 220 1170 ex
247 1116 333 1171 aceto
360 1109 524 1188 impositae.
561 1109 672 1170 serulae
704 1113 787 1171 cinis,
823 1111 932 1170 hircini
960 1120 1064 1183 aetat.
1093 1122 1198 1185 tatto.

141 1192 175 1246 10'
183 1198 261 1259 utris
277 1198 385 1257 vinarii
403 1199 478 1258 einis
498 1216 566 1258 cum
583 1200 648 1277 pari
666 1199 797 1277 pondere
816 1201 931 1258 resinae

183 1304 220 1347 ex
243 1292 329 1347 aceto
352 1287 509 1365 impositus
529 1288 702 1366 sanguinem
726 1289 804 1347 sistit
823 1295 853 1348 et
870 1287 931 1347 vul·

182 1392 257 1436 nera
274 1374 409 1455 glutinat.
441 1375 599 1435 haedinum
619 1375 775 1454 coagulum
794 1394 829 1436 ex
849 1384 932 1436 aceto

61 1520 68 1527 .
183 1464 360 1542 sauguinem
384 1465 471 1523 sistit.
995 1465 1031 1518 ab.

249 1662 314 1719 111.
337 1660 548 1718 Vulneribus
570 1663 765 1719 recentibus
788 1665 823 1719 et
845 1664 962 1719 nervis
984 1662 1109 1718 incisis.

251 1778 402 1861 <Vulnera
425 1776 578 1860 recentia>
602 1798 717 1841 vermes
736 1783 849 1841 terreni
868 1783 932 1841 triti
959 1792 1064 1855 auare.

143 1874 169 1915 ¹⁵
183 1868 403 1950 conglutinant,
427 1870 501 1929 adeo
523 1877 557 1929 ut
580 1872 668 1931 etiam
691 1888 798 1930 nervos
821 1871 932 1929 incisos

183 1956 313 2018 solident
336 1956 384 2017 die
408 1960 542 2037 septimo.
578 1958 656 2018 idem
671 1959 793 2019 arefacti
815 1961 845 2019 in
870 1957 931 2018 sole
959 1969 1064 2032 anilo.

10 2046 18 2084 ³
183 2064 221 2106 ex
253 2052 339 2107 accio
370 2047 435 2107 triti
466 2044 639 2106 vulneribus
675 2049 870 2127 imponuntur
903 2055 933 2105 et

182 2135 364 2213 interposito
386 2133 476 2194 biduo
500 2134 663 2195 solvuntur.
695 2134 810 2193 cocleae
834 2152 931 2193 exem·
994 2136 1031 2187 ib.

181 2230 252 2303 piae
280 2222 317 2282 de
346 2223 409 2283 suis
436 2225 522 2282 testis
551 2221 659 2282 crudae
688 2224 774 2282 tritae
806 2221 932 2280 mirifice

144 2312 170 2353 ²⁰
184 2310 321 2371 solidant.
350 2310 467 2370 cocleae
486 2329 554 2371 cum
573 2312 635 2370 suis
656 2312 742 2370 testis
761 2318 844 2370 tusae
864 2326 932 2369 cum
995 2309 1033 2364 ib.

183 2416 283 2479 myrra
312 2406 343 2459 et
369 2406 437 2459 ture
462 2401 550 2460 etiam
579 2401 730 2478 praecisos
753 2417 860 2458 nervos
889 2415 932 2457 sa-

142 2642 145 2647 ,
254 2587 297 2641 oia.
318 2585 454 2655 Sanguini
473 2602 507 2640 ex
527 2586 669 2641 ulceribus
692 2585 865 2654 (vulneribus
884 2586 933 2654 rb)
958 2583 1082 2640 sistendo
1099 2599 1129 2651 p,
1154 2584 1199 2638 Ad

184 2657 352 2727 sanguinem
375 2672 410 2711 ex
430 2656 571 2711 ulceribus
594 2656 747 2711 sistendum
765 2657 791 2712 d.
865 2656 981 2724 ispato
1004 2654 1088 2709 melle
1110 2655 1201 2710 mixto

182 2726 339 2797 imponitur
371 2726 437 2800 loge
450 2728 492 2797 qd
509 2726 674 2796 (spatomele
694 2726 782 2781 mixto
796 2725 881 2780 melle
898 2725 1052 2796 imponitur
1066 2727 1131 2796 bm):
1150 2726 1198 2780 od-

183 2796 272 2853 mixto
290 2813 337 2852 me
361 2798 557 2867 espotonulae
572 2799 600 2867 (i.
616 2814 637 2851 e.
652 2796 827 2867 spatomilae)
845 2815 865 2866 p
933 2815 947 2852 e
961 2797 1109 2867 impositus
1128 2797 1198 2851 mire

184 2866 262 2923 sisb't
277 2868 325 2923 rb.
352 2867 423 2923 mire
441 2867 517 2923 nolit
533 2870 615 2923 etiam
635 2869 690 2934 Pl,
708 2869 757 2940 qui
774 2884 824 2925 om.
844 2885 894 2939 epa
929 2868 1057 2924 omelam.
1124 2866 1199 2922 ofe-

182 2938 246 2993 rini
263 2939 314 2995 db.
369 2939 585 3009 'themorogian
598 2956 628 3009 p,
656 2940 823 2995 emorroiam
842 2942 868 2996 (i.
940 2939 1074 2992 8Pulule
1094 2939 1152 3004 (etc)
1171 2936 1198 2991 ai.

219 3016 236 3065 9
260 3011 291 3065 et
310 3008 444 3079 imposito
461 3010 488 3063 oi⁴
515 3013 518 3077 Ι
544 3010 709 3081 sanguinem
732 3011 834 3066 sistunt
856 3012 919 3066 odd.
939 3011 963 3065 b.
989 3011 993 3075 Ι
1018 3005 1128 3076 hyrcini
1150 3007 1198 3074 pri.

219 3086 254 3135 11
273 3096 308 3135 ex
325 3080 376 3135 rin
396 3082 426 3135 ot
465 3081 491 3137 d.
511 3080 519 3163 j
543 3080 660 3136 vulnere
673 3083 709 3136 rb
728 3083 810 3151 (Pl.):
828 3082 923 3136 ulcera
940 3080 989 3148 pu.
1041 3084 1073 3131 12
1093 3092 1199 3145 quagu·

183 3150 244 3205 lum
266 3166 292 3221 p.
364 3152 407 3205 tit.
451 3150 572 3206 loerrbus
599 3152 778 3221 (Vulneribus
801 3154 848 3222 rt)
876 3148 1033 3204 recentibus
1056 3149 1085 3201 et
1106 3144 1200 3201 nervis

183 3218 281 3277 incisis
297 3237 328 3292 p,
346 3220 391 3275 Ad
409 3220 503 3275 ulcera
521 3224 645 3277 recentia
664 3224 693 3278 et
711 3224 746 3277 ad
765 3238 863 3277 nervos
881 3218 982 3274 incisos
999 3219 1027 3272 d.
1078 3223 1113 3271 14
1131 3217 1199 3271 Vul-

183 3306 254 3347 nera
270 3292 394 3349 recentia
412 3293 511 3347 addidi
528 3296 562 3348 ex
579 3295 616 3348 rb
636 3294 742 3364 (Ptin).
817 3295 848 3345 15
871 3288 987 3344 incisos:
1011 3287 1133 3343 abscisos
1152 3289 1198 3343 Pl.

222 3427 258 3475 re
272 3420 330 3476 ore:
343 3421 374 3477 in
388 3423 433 3478 ue
443 3440 458 3477 r
469 3422 553 3491 (utra
566 3442 586 3479 a.
597 3424 671 3477 aiem
683 3423 747 3493 rt).
764 3419 906 3491 trepens
923 3434 957 3488 qr
968 3418 1056 3487 trin.
1067 3388 1181 3472 uatis.
