2416 3900
498 160 739 227 -165-

116 329 264 383 tormenta
291 320 445 382 subeunda
467 331 545 384 sunt.
588 323 640 383 sed
663 323 719 385 hoc
748 341 857 402 genere
880 326 1021 385 tormenti

115 420 146 472 et
166 429 256 472 umor
278 413 383 490 capitis
401 413 545 472 avertitur
568 412 620 490 qui
639 414 810 472 eaecitatem
830 413 923 473 oculis
943 431 1020 473 com-

115 503 244 561 minatur
276 501 388 579 quique
420 500 571 560 stomacho
604 510 693 580 atque
720 501 855 580 pulmoni
882 520 950 580 acer
976 504 1019 561 in-

115 589 241 650 stillatus
272 587 401 649 letaliter
432 588 467 649 ad
504 589 625 668 pthisim
651 592 822 669 praestruit.
869 599 900 652 et
931 609 1020 650 coxae

90 677 233 739 edolores
250 695 306 756 per
320 679 433 737 vesicas
448 685 479 738 et
496 678 632 756 pustulas
651 677 842 761 digeruntur,
861 687 891 740 et
910 679 1020 758 splenis

114 775 214 828 tumor
247 764 372 827 solvitur
404 784 438 826 ac
469 767 636 828 iocinerum
667 767 830 847 indignatio
863 767 1022 849 relaxatur,

115 864 145 916 et
175 853 347 935 hydropicis
379 856 516 915 innatans
545 873 632 916 umor
664 858 723 916 iam
752 876 813 917 non
845 875 1021 918 reversurus

114 944 259 1005 hauritur.
310 938 394 1005 aiunt
425 952 455 1005 et
486 944 664 1023 lethargicos
701 948 837 1027 excitari,
874 948 899 1006 si
930 945 1022 1025 pedes

114 1051 220 1094 eorum
242 1032 331 1093 simul
354 1034 432 1093 tritis
457 1034 552 1112 sinapi
575 1041 605 1093 et
628 1034 684 1093 fico
708 1034 790 1095 arida
812 1035 1021 1113 perfricentur.

78 1140 168 1182 renos
195 1123 317 1182 interim
345 1119 381 1180 de
405 1139 478 1181 suco
505 1121 597 1182 locuti
625 1140 729 1183 sumus
752 1125 804 1201 qni
832 1125 943 1183 semine
973 1142 1021 1182 ex-

114 1212 266 1291 primitur,
294 1209 442 1270 admixtus
470 1209 584 1270 scihcet
610 1228 691 1271 nunc
719 1229 812 1290 aquae
835 1229 915 1271 nunc
943 1211 1023 1272 melli

114 1300 140 1359 si
161 1316 236 1360 usus
259 1300 400 1378 exegerit.
438 1306 484 1359 est
503 1306 532 1358 et
551 1298 629 1359 aliud
653 1300 732 1378 quod
751 1319 788 1360 ex
807 1300 889 1361 caule
912 1299 1021 1378 colligi·

114 1395 177 1448 tur:
199 1386 249 1447 hic
268 1405 337 1448 cum
354 1389 513 1468 inaruerit,
536 1387 660 1448 lacteam
681 1389 751 1448 lacit
769 1395 896 1470 guttam,
919 1388 1022 1448 utilem

114 1473 253 1537 dentihus
272 1478 298 1536 si
320 1478 352 1535 in
372 1474 473 1536 dolore
493 1475 658 1537 mandatur.
695 1477 814 1556 elegans
832 1496 869 1538 ex
888 1496 923 1537 eo
942 1477 1022 1538 velut.

80 1584 104 1624 ro
117 1563 282 1625 antidotum
295 1563 409 1625 Plinius
423 1564 522 1625 tradit.
550 1583 618 1625 nam
633 1584 735 1626 semen
750 1568 860 1647 sinapis
875 1565 1021 1627 eiusdem-

114 1670 172 1731 que
195 1652 312 1713 radices
338 1655 370 1712 in
393 1661 492 1714 musto
520 1656 667 1714 contineri
689 1654 786 1716 iubet:
813 1655 870 1716 hoc
894 1655 1022 1716 colatum

112 1746 197 1819 putat
224 1740 353 1801 dandum
380 1743 459 1802 vitiis
487 1742 618 1802 faucium
647 1744 791 1803 stomachi
819 1746 924 1823 capitis
952 1764 1021 1804 ocn-

112 1827 223 1911 lorum‚
240 1831 355 1908 potioni
373 1829 496 1890 modum
514 1834 617 1892 statuit
636 1839 779 1910 quantum
793 1850 898 1892 manus
917 1832 1021 1910 plenae

184 2187 250 2239 tet
266 2184 368 2239 humor
383 2185 525 2254 (umero)
548 2187 613 2255 pol:
636 2187 737 2241 humor
756 2188 816 2254 (om.
836 2189 874 2254 et)
893 2188 937 2240 rh.
993 2194 1009 2240 3
1029 2191 1128 2256 atque:

115 2258 163 2310 aut
181 2273 203 2311 r.
251 2262 269 2310 4
286 2255 428 2311 loetaliter
444 2273 483 2326 pu
502 2257 656 2330 (lethaliter
669 2260 706 2326 r),
726 2257 829 2312 loetale
846 2256 901 2312 iter
918 2259 935 2311 l.
952 2256 956 2324 1
972 2258 1089 2328 pthisim
1102 2278 1128 2327 r,

56 2374 59 2379 .
112 2326 209 2395 ptiaim
222 2343 253 2397 p,
273 2326 465 2397 ptysinlhb).
514 2328 699 2383 cincinorum
712 2329 770 2433 rh.¹¹
804 2328 973 2398 iydropicis
985 2345 1016 2398 p:
1035 2330 1127 2385 hidro-

55 2420 59 2425 Ι
114 2438 192 2522 (ydro
207 2438 310 2509 Opiane
327 2441 368 2522 ol.
389 2441 394 2508 Ι
418 2441 547 2495 innatans
569 2442 668 2511 poor:
696 2402 813 2496 uiticolae
838 2442 1002 2523 (aicaupra
1019 2446 1086 2511 scr.)
1111 2446 1127 2511 l,

112 2510 545 2581 murmurmurmur:
572 2515 633 2567 tam
651 2513 696 2568 rb.
756 2511 962 2582 tilethnrgicos
980 2513 1062 2583 (Pl.):
1089 2514 1128 2568 le-

112 2580 228 2650 thargos
243 2583 299 2651 pel
317 2583 357 2650 (h,
376 2582 520 2653 lythargos
540 2585 572 2652 r).
623 2589 640 2638 9
659 2582 763 2652 sinapi:
781 2585 822 2638 sic
840 2584 969 2653 gauro).
987 2586 990 2652 Ι
1006 2584 1059 2639 fico
1077 2602 1128 2655 pc:

112 2650 167 2705 ficn
184 2652 279 2722 l(rb).
297 2652 397 2721 lurida
414 2656 528 2722 potor:
548 2654 638 2708 ariolo
655 2655 699 2708 rb.
747 2660 780 2707 10
798 2654 858 2708 Noe
875 2655 941 2724 gel:
965 2655 1047 2710 Nunc
1065 2658 1127 2728 ehi

112 2719 230 2785 interius
248 2723 265 2778 i.
331 2730 363 2778 11
388 2725 542 2780 admixtus:
561 2724 609 2778 -tie
632 2726 687 2794 pol
701 2726 765 2794 (rh).
787 2727 792 2793 l
817 2742 890 2798 nqup
914 2729 998 2796 (nque
1016 2729 1057 2798 ol)
1077 2771 1083 2782 .
1100 2771 1128 2782 ..

112 2791 191 2848 melli
207 2795 275 2863 pol:
295 2811 369 2863 aqua
390 2837 439 2850 ...
458 2797 542 2852 melle
561 2798 606 2851 rb.
666 2802 699 2850 12
719 2796 844 2865 exegerit
860 2799 927 2866 pul:
956 2797 1045 2868 exigit
1061 2801 1105 2854 rh.
1124 2836 1126 2870 2

112 2863 189 2919 eliud
208 2864 286 2933 quod
302 2867 418 2934 potem:
448 2867 518 2922 alius
538 2867 587 2937 qui
604 2869 649 2922 rh.
671 2870 675 2937 Ι
701 2883 736 2922 ex
752 2869 819 2937 pol:
846 2884 897 2923 orn.
916 2870 960 2923 rh.
1017 2876 1049 2923 13
1069 2869 1128 2923 hic:

110 2934 164 2990 hoc
178 2936 229 2990 Μ.
246 2938 250 3004 l
266 2935 404 2992 inaruerit
421 2937 586 3007 (inhorruerit
597 2941 626 3008 p)
644 2940 709 3009 pol:
729 2937 896 2994 inhaurierit
909 2942 964 3010 hm,
983 2956 1128 3008 expressus

110 3004 198 3061 inerit
214 3007 259 3064 rh.
316 3013 351 3062 14
368 3008 517 3064 mandatur
534 3011 577 3063 oi:
596 3010 749 3065 mundetur
766 3012 838 3080 (eum
855 3029 875 3064 u
892 3027 926 3064 ex
944 3028 962 3064 a
979 3013 1083 3078 operto)
1101 3027 1127 3079 p,

110 3075 249 3133 illinintnr
267 3078 312 3132 rh.
334 3081 339 3148 Ι
363 3079 588 3150 Elegeam-(15)
606 3093 672 3137 nam
690 3083 756 3153 pol:
784 3081 886 3149 Fitque
909 3082 1022 3149 elegans
1042 3096 1127 3136 exeo

110 3147 272 3204 mucosum
289 3148 363 3204 sicut
375 3150 520 3205 docuimus
546 3153 596 3220 (sic
613 3154 785 3208 dissimulato
806 3152 916 3205 minine
930 3151 1031 3219 Plinii)
1045 3152 1090 3206 rt.

111 3223 145 3273 lh
167 3219 276 3274 semine
302 3263 308 3276 .
331 3263 337 3275 .
358 3263 364 3275 .
387 3221 529 3277 radicibus
551 3241 574 3277 r.
635 3229 669 3278 16
691 3224 721 3277 in
738 3224 831 3276 musto
849 3238 900 3291 po:
927 3221 988 3276 vini
1005 3221 1091 3276 musti
1109 3223 1127 3288 l,

109 3288 141 3345 in
168 3307 267 3346 musco
293 3293 339 3346 rb.
364 3295 368 3360 1
398 3291 534 3347 contineri
553 3295 687 3362 —putat
707 3294 773 3362 polz
806 3309 856 3359 om.
884 3293 929 3347 rh.
999 3298 1031 3346 17
1060 3292 1127 3346 dan-

110 3358 178 3415 dum
204 3363 272 3432 pol:
300 3362 345 3430 (in
371 3365 480 3433 musco)
508 3364 591 3418 datm
613 3364 658 3419 rb.
740 3369 773 3418 18
795 3364 911 3418 modum
939 3363 1039 3418 statuit
1060 3366 1129 3432 pol:

108 3433 194 3557 npodo
222 3434 329 3558 siphnio
355 3436 403 3489 rh.
435 3434 439 3504 Ι
472 3434 572 3504 plenae
605 3436 671 3508 (mg
698 3449 728 3504 9,
761 3450 812 3488 ·ne
839 3436 864 3504 l)
896 3451 1028 3490 mensura
1053 3437 1134 3501 uota

108 3520 194 3573 pene
221 3520 266 3558 r.
1022 3544 1025 3552 .
