2416 3900
541 129 760 195 „24-

277 296 382 361 antro.
412 306 528 369 cypero.
574 291 719 353 dracontii
747 312 847 355 semen
877 314 945 357 oum
972 297 1058 358 melle
1092 303 1156 379 pari

410 378 542 456 pondere
575 379 696 441 naribus
733 383 853 444 inditur.
912 386 969 445 hoc
1006 389 1094 447 etiam
1132 391 1156 448 si

295 476 382 538 30,31.
412 468 609 528 carcinomata
632 471 692 530 sint
710 471 855 533 emendat.
886 474 996 535 dicitur
1014 475 1156 554 prodesse

412 556 473 702 qui¹
486 555 542 616 hoc
565 557 641 616 malo
665 558 819 620 vexabitur
837 570 871 622 ut
893 563 1045 624 osculetur
1068 582 1157 626 nares

412 660 566 709 mnarum.
1170 664 1183 704 5

476 808 535 864 XI.
558 811 796 869 Destillationl.

175 925 276 997 (3265)
295 940 346 980 oro.
360 942 383 982 r.
478 926 559 988 Ciuis
583 937 727 991 testarum
751 940 917 993 ostrearum
940 936 971 994 in
991 933 1056 993 cibo
1080 953 1155 1013 pane

296 1023 382 1085 code.
412 1015 560 1094 colligitur
591 1019 622 1088 in
650 1020 771 1080 modum
803 1021 879 1082 salic
923 1025 1005 1101 porri
1037 1025 1155 1100 capitati

209 1109 223 1138 ⁴
241 1126 291 1165 oto.
306 1127 328 1164 c.
411 1102 479 1164 lolia
511 1107 602 1166 cruda
635 1110 698 1168 sine
730 1127 805 1187 pane
839 1110 975 1170 eduntur.
1017 1112 1155 1170 caninum

165 1181 271 1250 (Mm-
286 1197 317 1250 1⁰·
336 1183 381 1251 8Ἰ)
411 1195 572 1272 corrigium
591 1213 752 1274 numquam
771 1207 894 1259 unctum
919 1199 1041 1260 cuilibet
1062 1199 1154 1277 digito

294 1296 381 1360 aaut.
409 1283 440 1341 in
468 1301 557 1343 manu
586 1285 816 1364 circumligatur.
857 1295 974 1347 ostreae
1007 1306 1074 1347 cum
1103 1306 1155 1348 sua
1170 1301 1196 1340 10

409 1378 486 1431 testa
509 1373 550 1431 ita
574 1380 608 1433 ut
629 1364 741 1433 electae
766 1383 836 1433 sunt
858 1376 888 1433 in
908 1374 1087 1434 carbonibus
1107 1394 1154 1436 co·

168 1463 298 1533 *(Morc.
314 1465 332 1518 i.
346 1465 381 1534 c.)
410 1467 544 1538 quuntur
564 1468 594 1520 et
614 1463 645 1520 in
664 1461 730 1520 cilio
752 1461 868 1520 dantur.
906 1461 1003 1520 oleum
1028 1462 1156 1522 calidum

409 1551 492 1608 eunti
533 1549 693 1609 dormitum
710 1614 714 1619 ,
729 1551 760 1608 in
793 1547 950 1607 cerebrum
988 1549 1155 1610 infunditur

174 1704 177 1709 ,
302 1649 381 1712 11141
409 1645 439 1697 et
462 1639 493 1696 in
517 1655 605 1697 nares
624 1639 757 1697 coicitur.
794 1637 825 1695 in
844 1653 932 1695 manu
951 1635 1072 1696 dextera
1096 1638 1154 1697 duo

284 1721 381 1790 (ΟΜ)
409 1724 493 1804 digiti
520 1725 609 1784 medii
636 1725 697 1784 lino
726 1723 833 1801 alligati
860 1725 938 1784 inter
966 1742 997 1783 se
1026 1724 1154 1787 destilla-
1169 1739 1197 1779 1⁵

409 1816 520 1875 tionem
545 1820 746 1891 compescunt.

466 1994 552 2054 ΧΠ.
576 1992 652 2048 Oris
673 1992 776 2047 vitiis.

292 2126 381 2189 3091.
477 2110 545 2170 Oris
560 2128 697 2189 saporem
711 2112 911 2173 commendari
930 2113 1077 2175 affirmant
1090 2134 1153 2176 mu-

407 2202 473 2260 rino
497 2201 598 2260 cinere
622 2218 690 2260 cum
714 2200 799 2261 melle
824 2203 849 2261 si
872 2201 1017 2262 fricentur
1041 2203 1153 2264 dentes.

193 2295 230 2350 ib.
296 2301 382 2363 ceco.
411 2288 574 2348 admiscent
610 2288 729 2366 quidam
765 2291 870 2349 marati
906 2288 1029 2352 radices.
1074 2291 1153 2351 Nero

213 2483 227 2530 1
248 2475 392 2530 dracontei
409 2491 440 2544 9,
463 2475 616 2544 dragontee
635 2476 654 2529 d
677 2477 816 2542 (eonteoe
834 2493 859 2544 r,
883 2479 996 2546 Marc).
1069 2479 1153 2546 iqui

139 2550 213 2617 yde:
233 2546 259 2601 ci
277 2545 326 2614 qui
345 2546 369 2600 b.
395 2548 399 2615 Ι
423 2544 452 2600 in
472 2545 526 2601 hoc
544 2546 570 2600 d.
634 2546 816 2604 emulorum.
845 2548 913 2604 alibi
926 2549 1073 2603 mulierum
1092 2549 1152 2616 (eie)

140 2619 159 2672 d
177 2618 258 2686 quasi
275 2633 309 2672 eac
326 2617 408 2672 varia
427 2618 538 2672 lectione
556 2618 697 2686 adscripto
715 2620 749 2685 cf.
770 2620 863 2674 More.
878 2637 908 2688 9.
928 2626 973 2674 86:
1002 2617 1054 2672 cui
1071 2634 1152 2672 nares

139 2687 286 2743 foetebunt
306 2687 507 2742 remediabitur
529 2686 552 2741 si
571 2705 651 2742 nares
670 2688 740 2745 muli
763 2690 911 2746 osculetur.
944 2689 1072 2744 similiter
1089 2706 1153 2758 pro-

140 2759 214 2814 derit
236 2757 348 2812 mulieri
373 2758 397 2813 ei
422 2775 504 2814 nares
533 2758 626 2813 mulae
654 2759 806 2815 basioverit
833 2763 923 2829 (nores
946 2759 1067 2816 mulinas
1094 2761 1155 2816 sine

140 2831 298 2884 discrimine
317 2830 414 2899 Ptin).
469 2831 510 2884 tit.
528 2829 570 2884 De
590 2829 774 2887 distillatione
791 2848 821 2900 9,
840 2830 885 2885 Ad
903 2830 1116 2886 distillationem
1126 2832 1154 2898 d,

140 2901 185 2955 Ad
214 2899 398 2956 stillationem
422 2901 531 2955 nerium
554 2917 588 2954 ex
611 2902 728 2956 humore
747 2919 770 2958 r.
843 2903 1034 2956 doetreorum
1055 2918 1080 2970 9.

141 2971 278 3027 8canini'1
297 2971 617 3042 corrigit...unoti1g:
641 2972 742 3026 canina
765 2971 1032 3054 oon-igin...uncta
1050 2972 1098 3025 db.
1117 2973 1153 3038 cf.

141 3044 234 3100 More.
255 3042 374 3112 corrigio
397 3043 495 3098 canino
518 3041 582 3096 rudi
600 3058 797 3112 necunquam
819 3044 914 3096 vincto
938 3042 1059 3110 quilibet
1082 3042 1153 3112 digi-

139 3113 352 3184 tur...ligatus
381 3115 424 3183 (de
442 3131 502 3169 eon.
526 3115 647 3182 corrigia
670 3114 705 3180 cs.
726 3113 802 3167 Plio.
822 3115 921 3182 dudo.)
994 3120 1026 3166 11
1046 3113 1154 3167 eiectae

139 3186 209 3238 rom.
236 3188 240 3253 Ι
270 3185 326 3240 sint
348 3201 373 3254 9.
448 3191 481 3239 14
506 3184 642 3238 conicitur
665 3184 684 3237 d
709 3185 754 3252 (b).
836 3185 878 3238 at.
898 3183 939 3238 De
958 3183 1014 3238 oris
1032 3183 1108 3238 vitiis
1126 3201 1152 3252 9,

139 3255 184 3308 Ad
204 3256 259 3311 orie
277 3255 381 3311 vicium
399 3255 426 3310 d.
501 3261 531 3308 17
553 3253 697 3310 emendari
719 3255 778 3308 dab
803 3254 907 3320 (Marc.
926 3255 985 3323 88):
1014 3270 1153 3309 commen·

140 3324 202 3379 deri
219 3343 237 3395 9
255 3327 333 3395 (Pi).
389 3332 422 3380 19
441 3325 543 3381 maroti
556 3326 592 3380 rb
612 3325 657 3393 (cf.
678 3324 733 3391 Pa,
751 3324 867 3378 meretri
883 3324 978 3379 Terin.
997 3326 1029 3379 io
1041 3327 1158 3393 maroti

140 3395 237 3450 mariti
254 3414 284 3465 9,
312 3395 447 3452 tamarice
465 3395 561 3451 mariti
588 3397 648 3462 (eie)
672 3396 698 3449 d.
724 3398 728 3460 Ι
753 3394 828 3449 Nero
838 3397 868 3466 (t)
888 3397 981 3466 gdrb:
1009 3411 1087 3449 mero
1107 3396 1152 3451 Pl.

143 3466 226 3538 <quod
243 3468 311 3538 quin
328 3468 491 3525 restituatur
507 3468 621 3535 impedit
638 3465 760 3536 frigidi).
