<?xml version="1.0" encoding="UTF-8"?>
<!DOCTYPE html PUBLIC "-//W3C//DTD XHTML 1.0 Transitional//EN"
    "http://www.w3.org/TR/xhtml1/DTD/xhtml1-transitional.dtd">
<html xmlns="http://www.w3.org/1999/xhtml" xml:lang="en" lang="en">
 <head>
  <title>
</title>
<meta http-equiv="Content-Type" content="text/html;charset=utf-8" />
  <meta name='ocr-system' content='tesseract 3.04.00' />
  <meta name='ocr-capabilities' content='ocr_page ocr_carea ocr_par ocr_line ocrx_word'/>
</head>
<body>
  <div class='ocr_page' id='page_1' title='image "./pliniisecundiqu02plingoog_0143.png"; bbox 0 0 2416 3900; ppageno 0'>
   <div class='ocr_carea' id='block_1_1' title="bbox 483 153 725 217">
    <p class='ocr_par' dir='ltr' id='par_1_1' title="bbox 483 153 725 217">
     <span class='ocr_line' id='line_1_1' title="bbox 483 153 725 217; baseline 0 0"><span class='ocrx_word' id='word_1_1' title='bbox 483 153 725 217; x_wconf 84' lang='lat'>-140—</span> 
     </span>
    </p>
   </div>
   <div class='ocr_carea' id='block_1_2' title="bbox 95 305 1110 397">
    <p class='ocr_par' dir='ltr' id='par_1_2' title="bbox 95 305 1110 397">
     <span class='ocr_line' id='line_1_2' title="bbox 95 305 1110 397; baseline 0 -20"><span class='ocrx_word' id='word_1_2' title='bbox 95 310 111 342; x_wconf 80' lang='lat'><em>*</em></span> <span class='ocrx_word' id='word_1_3' title='bbox 129 311 191 367; x_wconf 69' lang='lat' dir='ltr'>Gal·</span> <span class='ocrx_word' id='word_1_4' title='bbox 203 318 332 379; x_wconf 85' lang='lat' dir='ltr'>Galenus</span> <span class='ocrx_word' id='word_1_5' title='bbox 351 318 486 378; x_wconf 85' lang='lat' dir='ltr'>althaean</span> <span class='ocrx_word' id='word_1_6' title='bbox 510 305 576 378; x_wconf 87' lang='lat' dir='ltr'>esse</span> <span class='ocrx_word' id='word_1_7' title='bbox 596 316 761 397; x_wconf 81' lang='lat' dir='ltr'><strong>contendit,</strong></span> <span class='ocrx_word' id='word_1_8' title='bbox 785 315 952 395; x_wconf 81' lang='lat' dir='ltr'>emplastris</span> <span class='ocrx_word' id='word_1_9' title='bbox 970 314 1110 377; x_wconf 90' lang='lat' dir='ltr'>mollibus</span> 
     </span>
    </p>
   </div>
   <div class='ocr_carea' id='block_1_3' title="bbox 96 388 1110 595">
    <p class='ocr_par' dir='ltr' id='par_1_3' title="bbox 96 388 1110 595">
     <span class='ocr_line' id='line_1_3' title="bbox 104 388 1109 487; baseline -0.005 -17"><span class='ocrx_word' id='word_1_10' title='bbox 104 388 192 442; x_wconf 61' lang='lat'><strong>”¹³⁶⁷</strong></span> <span class='ocrx_word' id='word_1_11' title='bbox 203 406 437 487; x_wconf 88' lang='lat' dir='ltr'>adcommodata,</span> <span class='ocrx_word' id='word_1_12' title='bbox 466 424 541 486; x_wconf 84' lang='lat' dir='ltr'>quae</span> <span class='ocrx_word' id='word_1_13' title='bbox 564 414 663 467; x_wconf 91' lang='lat' dir='ltr'>tamen</span> <span class='ocrx_word' id='word_1_14' title='bbox 690 406 786 486; x_wconf 85' lang='lat' dir='ltr'><strong>possit</strong></span> <span class='ocrx_word' id='word_1_15' title='bbox 808 413 837 466; x_wconf 92' lang='lat' dir='ltr'>et</span> <span class='ocrx_word' id='word_1_16' title='bbox 864 403 958 484; x_wconf 87' lang='lat' dir='ltr'>plagis</span> <span class='ocrx_word' id='word_1_17' title='bbox 981 407 1109 466; x_wconf 86' lang='lat' dir='ltr'>recenti·</span> 
     </span>
     <span class='ocr_line' id='line_1_4' title="bbox 96 455 1110 595; baseline -0.006 -35"><span class='ocrx_word' id='word_1_18' title='bbox 96 455 187 595; x_wconf 45' lang='lat'>(⁶253</span> <span class='ocrx_word' id='word_1_19' title='bbox 202 495 259 557; x_wconf 92' lang='lat' dir='ltr'>bus</span> <span class='ocrx_word' id='word_1_20' title='bbox 296 495 454 557; x_wconf 86' lang='lat' dir='ltr'>subvenire</span> <span class='ocrx_word' id='word_1_21' title='bbox 488 502 518 556; x_wconf 88' lang='lat' dir='ltr'>ct</span> <span class='ocrx_word' id='word_1_22' title='bbox 550 495 685 557; x_wconf 89' lang='lat' dir='ltr'>ulcerum</span> <span class='ocrx_word' id='word_1_23' title='bbox 717 492 801 554; x_wconf 90' lang='lat' dir='ltr'>tabes</span> <span class='ocrx_word' id='word_1_24' title='bbox 838 493 955 554; x_wconf 88' lang='lat' dir='ltr'>admota</span> <span class='ocrx_word' id='word_1_25' title='bbox 988 496 1110 555; x_wconf 90' lang='lat' dir='ltr'>siccare.</span> 
     </span>
    </p>
   </div>
   <div class='ocr_carea' id='block_1_4' title="bbox 202 581 1139 749">
    <p class='ocr_par' dir='ltr' id='par_1_4' title="bbox 202 581 1139 749">
     <span class='ocr_line' id='line_1_5' title="bbox 202 581 1112 664; baseline 0 -19"><span class='ocrx_word' id='word_1_26' title='bbox 202 583 276 646; x_wconf 91' lang='lat' dir='ltr'>haec</span> <span class='ocrx_word' id='word_1_27' title='bbox 299 603 367 646; x_wconf 93' lang='lat' dir='ltr'>cum</span> <span class='ocrx_word' id='word_1_28' title='bbox 389 586 421 644; x_wconf 91' lang='lat' dir='ltr'>in</span> <span class='ocrx_word' id='word_1_29' title='bbox 443 585 611 664; x_wconf 85' lang='lat' dir='ltr'>praesentia</span> <span class='ocrx_word' id='word_1_30' title='bbox 633 601 693 645; x_wconf 92' lang='lat' dir='ltr'>non</span> <span class='ocrx_word' id='word_1_31' title='bbox 716 583 788 664; x_wconf 83' lang='lat' dir='ltr'>erit,</span> <span class='ocrx_word' id='word_1_32' title='bbox 810 584 842 642; x_wconf 92' lang='lat' dir='ltr'>in</span> <span class='ocrx_word' id='word_1_33' title='bbox 866 581 1000 643; x_wconf 85' lang='lat' dir='ltr'>eiusdem</span> <span class='ocrx_word' id='word_1_34' title='bbox 1022 600 1112 645; x_wconf 89' lang='lat' dir='ltr'>usum</span> 
     </span>
     <span class='ocr_line' id='line_1_6' title="bbox 203 673 1139 749; baseline -0.009 -15"><span class='ocrx_word' id='word_1_35' title='bbox 203 676 295 735; x_wconf 85' lang='lat' dir='ltr'>sativa</span> <span class='ocrx_word' id='word_1_36' title='bbox 318 673 461 735; x_wconf 81' lang='lat' dir='ltr'>succedit.</span> <span class='ocrx_word' id='word_1_37' title='bbox 659 743 662 749; x_wconf 21' lang='lat'><strong>³</strong></span> <span class='ocrx_word' id='word_1_38' title='bbox 1124 686 1139 726; x_wconf 82' lang='lat' dir='ltr'>s</span> 
     </span>
    </p>
   </div>
   <div class='ocr_carea' id='block_1_5' title="bbox 128 838 736 934">
    <p class='ocr_par' dir='ltr' id='par_1_5' title="bbox 128 838 736 934">
     <span class='ocr_line' id='line_1_7' title="bbox 128 838 736 934; baseline -0.007 0"><span class='ocrx_word' id='word_1_39' title='bbox 128 881 174 934; x_wconf 84' lang='lat' dir='ltr'>Pt.</span> <span class='ocrx_word' id='word_1_40' title='bbox 268 874 327 930; x_wconf 83' lang='lat' dir='ltr'>vt.</span> <span class='ocrx_word' id='word_1_41' title='bbox 353 875 403 930; x_wconf 80' lang='lat' dir='ltr'>Do</span> <span class='ocrx_word' id='word_1_42' title='bbox 427 874 616 931; x_wconf 73' lang='lat' dir='ltr'><strong>cucurbita.</strong></span> <span class='ocrx_word' id='word_1_43' title='bbox 732 838 736 849; x_wconf 40' lang='lat'><strong>⁴</strong></span> 
     </span>
    </p>
   </div>
   <div class='ocr_carea' id='block_1_6' title="bbox 113 957 1112 1054">
    <p class='ocr_par' dir='ltr' id='par_1_6' title="bbox 113 957 1112 1054">
     <span class='ocr_line' id='line_1_8' title="bbox 113 957 1112 1054; baseline 0.002 -4"><span class='ocrx_word' id='word_1_44' title='bbox 113 957 183 1021; x_wconf 72' lang='lat'><strong>²⁰³⁸·</strong></span> <span class='ocrx_word' id='word_1_45' title='bbox 269 990 391 1053; x_wconf 84' lang='lat' dir='ltr'>Veteres</span> <span class='ocrx_word' id='word_1_46' title='bbox 418 993 527 1054; x_wconf 89' lang='lat' dir='ltr'>medici</span> <span class='ocrx_word' id='word_1_47' title='bbox 559 992 596 1053; x_wconf 90' lang='lat' dir='ltr'>de</span> <span class='ocrx_word' id='word_1_48' title='bbox 629 991 791 1054; x_wconf 71' lang='lat' dir='ltr'>cucurbita</span> <span class='ocrx_word' id='word_1_49' title='bbox 815 978 864 1053; x_wconf 75' lang='lat' dir='ltr'>ita&#39;</span> <span class='ocrx_word' id='word_1_50' title='bbox 885 998 1046 1052; x_wconf 86' lang='lat' dir='ltr'>senserunt</span> <span class='ocrx_word' id='word_1_51' title='bbox 1077 998 1112 1052; x_wconf 88' lang='lat' dir='ltr'>nt</span> 
     </span>
    </p>
   </div>
   <div class='ocr_carea' id='block_1_7' title="bbox 95 1075 1157 1696">
    <p class='ocr_par' dir='ltr' id='par_1_7' title="bbox 95 1075 1157 1696">
     <span class='ocr_line' id='line_1_9' title="bbox 120 1075 1110 1161; baseline -0.001 -20"><span class='ocrx_word' id='word_1_52' title='bbox 120 1075 183 1131; x_wconf 74' lang='lat' dir='ltr'>Gal·</span> <span class='ocrx_word' id='word_1_53' title='bbox 203 1099 268 1142; x_wconf 90' lang='lat' dir='ltr'>eam</span> <span class='ocrx_word' id='word_1_54' title='bbox 300 1099 407 1160; x_wconf 88' lang='lat' dir='ltr'>aquam</span> <span class='ocrx_word' id='word_1_55' title='bbox 436 1081 571 1143; x_wconf 82' lang='lat' dir='ltr'>dicerent</span> <span class='ocrx_word' id='word_1_56' title='bbox 599 1081 789 1161; x_wconf 79' lang='lat' dir='ltr'>coagulatam.</span> <span class='ocrx_word' id='word_1_57' title='bbox 836 1080 964 1141; x_wconf 88' lang='lat' dir='ltr'>Galenus</span> <span class='ocrx_word' id='word_1_58' title='bbox 991 1079 1110 1141; x_wconf 84' lang='lat' dir='ltr'>umidae</span> 
     </span>
     <span class='ocr_line' id='line_1_10' title="bbox 95 1153 1111 1254; baseline -0.001 -23"><span class='ocrx_word' id='word_1_59' title='bbox 95 1153 192 1207; x_wconf 61' lang='lat'>¹⁸33·</span> <span class='ocrx_word' id='word_1_60' title='bbox 202 1177 287 1250; x_wconf 92' lang='lat' dir='ltr'>putat</span> <span class='ocrx_word' id='word_1_61' title='bbox 308 1173 428 1232; x_wconf 86' lang='lat' dir='ltr'>virtutis</span> <span class='ocrx_word' id='word_1_62' title='bbox 451 1179 481 1232; x_wconf 90' lang='lat' dir='ltr'>et</span> <span class='ocrx_word' id='word_1_63' title='bbox 504 1169 643 1254; x_wconf 87' lang='lat' dir='ltr'>frigidae,</span> <span class='ocrx_word' id='word_1_64' title='bbox 665 1169 754 1250; x_wconf 85' lang='lat' dir='ltr'>idque</span> <span class='ocrx_word' id='word_1_65' title='bbox 782 1189 818 1230; x_wconf 85' lang='lat' dir='ltr'>ex</span> <span class='ocrx_word' id='word_1_66' title='bbox 842 1188 877 1230; x_wconf 93' lang='lat' dir='ltr'>eo</span> <span class='ocrx_word' id='word_1_67' title='bbox 900 1167 1008 1248; x_wconf 87' lang='lat' dir='ltr'>probat</span> <span class='ocrx_word' id='word_1_68' title='bbox 1030 1168 1111 1247; x_wconf 89' lang='lat' dir='ltr'>quod</span> 
     </span>
     <span class='ocr_line' id='line_1_11' title="bbox 202 1256 1157 1340; baseline -0.002 -21"><span class='ocrx_word' id='word_1_69' title='bbox 202 1261 234 1319; x_wconf 94' lang='lat' dir='ltr'>in</span> <span class='ocrx_word' id='word_1_70' title='bbox 253 1259 320 1320; x_wconf 90' lang='lat' dir='ltr'>cibo</span> <span class='ocrx_word' id='word_1_71' title='bbox 340 1267 456 1339; x_wconf 90' lang='lat' dir='ltr'>sumpta</span> <span class='ocrx_word' id='word_1_72' title='bbox 476 1257 665 1322; x_wconf 87' lang='lat' dir='ltr'>stomachum</span> <span class='ocrx_word' id='word_1_73' title='bbox 680 1259 804 1340; x_wconf 85' lang='lat' dir='ltr'>relaxat,</span> <span class='ocrx_word' id='word_1_74' title='bbox 823 1256 945 1319; x_wconf 88' lang='lat' dir='ltr'>bibendi</span> <span class='ocrx_word' id='word_1_75' title='bbox 962 1256 1111 1318; x_wconf 85' lang='lat' dir='ltr'>desideria</span> <span class='ocrx_word' id='word_1_76' title='bbox 1145 1314 1157 1327; x_wconf 63' lang='lat'><em>„</em></span> 
     </span>
     <span class='ocr_line' id='line_1_12' title="bbox 203 1346 1152 1426; baseline -0.002 -18"><span class='ocrx_word' id='word_1_77' title='bbox 203 1365 263 1408; x_wconf 93' lang='lat' dir='ltr'>non</span> <span class='ocrx_word' id='word_1_78' title='bbox 283 1350 399 1409; x_wconf 85' lang='lat' dir='ltr'>excitat.</span> <span class='ocrx_word' id='word_1_79' title='bbox 427 1356 527 1410; x_wconf 85' lang='lat' dir='ltr'>cetera</span> <span class='ocrx_word' id='word_1_80' title='bbox 545 1351 634 1410; x_wconf 88' lang='lat' dir='ltr'>etiam</span> <span class='ocrx_word' id='word_1_81' title='bbox 648 1351 679 1409; x_wconf 92' lang='lat' dir='ltr'>in</span> <span class='ocrx_word' id='word_1_82' title='bbox 694 1347 849 1409; x_wconf 88' lang='lat' dir='ltr'>cucurbita</span> <span class='ocrx_word' id='word_1_83' title='bbox 869 1346 938 1408; x_wconf 90' lang='lat' dir='ltr'>talia</span> <span class='ocrx_word' id='word_1_84' title='bbox 957 1354 992 1406; x_wconf 94' lang='lat' dir='ltr'>ut</span> <span class='ocrx_word' id='word_1_85' title='bbox 1007 1353 1110 1426; x_wconf 90' lang='lat' dir='ltr'>aperte</span> <span class='ocrx_word' id='word_1_86' title='bbox 1124 1359 1152 1400; x_wconf 88' lang='lat'>1⁰</span> 
     </span>
     <span class='ocr_line' id='line_1_13' title="bbox 203 1433 1112 1517; baseline -0.002 -19"><span class='ocrx_word' id='word_1_87' title='bbox 203 1436 327 1516; x_wconf 84' lang='lat' dir='ltr'>frigidae</span> <span class='ocrx_word' id='word_1_88' title='bbox 354 1440 511 1517; x_wconf 89' lang='lat' dir='ltr'>potestatis</span> <span class='ocrx_word' id='word_1_89' title='bbox 539 1437 675 1517; x_wconf 83' lang='lat' dir='ltr'>exempla</span> <span class='ocrx_word' id='word_1_90' title='bbox 702 1437 896 1498; x_wconf 87' lang='lat' dir='ltr'>demonstret.</span> <span class='ocrx_word' id='word_1_91' title='bbox 943 1433 1052 1496; x_wconf 88' lang='lat' dir='ltr'>crudae</span> <span class='ocrx_word' id='word_1_92' title='bbox 1082 1443 1112 1496; x_wconf 88' lang='lat' dir='ltr'>et</span> 
     </span>
     <span class='ocr_line' id='line_1_14' title="bbox 203 1521 1111 1607; baseline 0 -23"><span class='ocrx_word' id='word_1_93' title='bbox 203 1527 290 1585; x_wconf 89' lang='lat' dir='ltr'>tritae</span> <span class='ocrx_word' id='word_1_94' title='bbox 323 1525 439 1586; x_wconf 89' lang='lat' dir='ltr'>leniunt</span> <span class='ocrx_word' id='word_1_95' title='bbox 470 1544 589 1587; x_wconf 90' lang='lat' dir='ltr'>omnem</span> <span class='ocrx_word' id='word_1_96' title='bbox 620 1534 783 1607; x_wconf 86' lang='lat' dir='ltr'>tumorem,</span> <span class='ocrx_word' id='word_1_97' title='bbox 814 1528 860 1590; x_wconf 85' lang='lat' dir='ltr'>in¹</span> <span class='ocrx_word' id='word_1_98' title='bbox 874 1521 945 1585; x_wconf 84' lang='lat' dir='ltr'>cibo</span> <span class='ocrx_word' id='word_1_99' title='bbox 976 1531 1111 1604; x_wconf 88' lang='lat' dir='ltr'>sumptae</span> 
     </span>
     <span class='ocr_line' id='line_1_15' title="bbox 202 1612 1111 1696; baseline 0.001 -24"><span class='ocrx_word' id='word_1_100' title='bbox 202 1612 341 1674; x_wconf 92' lang='lat' dir='ltr'>molliunt</span> <span class='ocrx_word' id='word_1_101' title='bbox 363 1621 505 1675; x_wconf 84' lang='lat' dir='ltr'>ventrem.</span> <span class='ocrx_word' id='word_1_102' title='bbox 545 1634 636 1676; x_wconf 89' lang='lat' dir='ltr'>sucus</span> <span class='ocrx_word' id='word_1_103' title='bbox 659 1633 775 1696; x_wconf 84' lang='lat' dir='ltr'>aarum,</span> <span class='ocrx_word' id='word_1_104' title='bbox 798 1622 832 1674; x_wconf 93' lang='lat' dir='ltr'>ut</span> <span class='ocrx_word' id='word_1_105' title='bbox 851 1612 980 1674; x_wconf 87' lang='lat' dir='ltr'>Galenus</span> <span class='ocrx_word' id='word_1_106' title='bbox 999 1615 1052 1695; x_wconf 88' lang='lat' dir='ltr'>ait,</span> <span class='ocrx_word' id='word_1_107' title='bbox 1076 1612 1111 1673; x_wconf 91' lang='lat' dir='ltr'>ad</span> 
     </span>
    </p>
   </div>
   <div class='ocr_carea' id='block_1_8' title="bbox 203 1771 417 1779">
    <p class='ocr_par' dir='ltr' id='par_1_8' title="bbox 203 1771 417 1779">
     <span class='ocr_line' id='line_1_16' title="bbox 203 1771 417 1779; baseline 0 -1"><span class='ocrx_word' id='word_1_108' title='bbox 203 1771 417 1779; x_wconf 80' lang='lat'><em>——-—-—---—-</em></span> 
     </span>
    </p>
   </div>
   <div class='ocr_carea' id='block_1_9' title="bbox 104 1806 1155 2667">
    <p class='ocr_par' dir='ltr' id='par_1_9' title="bbox 128 1806 1155 2494">
     <span class='ocr_line' id='line_1_17' title="bbox 128 1806 1112 1910; baseline 0.001 -28"><span class='ocrx_word' id='word_1_109' title='bbox 128 1843 184 1910; x_wconf 80' lang='lat'>(30)</span> <span class='ocrx_word' id='word_1_110' title='bbox 267 1806 348 1884; x_wconf 88' lang='lat' dir='ltr'>llalva</span> <span class='ocrx_word' id='word_1_111' title='bbox 372 1830 500 1885; x_wconf 89' lang='lat' dir='ltr'>virtutem</span> <span class='ocrx_word' id='word_1_112' title='bbox 522 1827 603 1884; x_wconf 87' lang='lat' dir='ltr'>habet</span> <span class='ocrx_word' id='word_1_113' title='bbox 631 1829 817 1903; x_wconf 76' lang='lat' dir='ltr'>purgatoriam</span> <span class='ocrx_word' id='word_1_114' title='bbox 845 1823 894 1902; x_wconf 85' lang='lat' dir='ltr'>&lt;et</span> <span class='ocrx_word' id='word_1_115' title='bbox 916 1820 1112 1902; x_wconf 72' lang='lat' dir='ltr'>monitoriam&gt;</span> 
     </span>
     <span class='ocr_line' id='line_1_18' title="bbox 204 1911 1152 1986; baseline 0 -19"><span class='ocrx_word' id='word_1_116' title='bbox 204 1913 315 1970; x_wconf 87' lang='lat' dir='ltr'>ventris.</span> <span class='ocrx_word' id='word_1_117' title='bbox 346 1915 461 1969; x_wconf 86' lang='lat' dir='ltr'>vesicam</span> <span class='ocrx_word' id='word_1_118' title='bbox 476 1919 567 1968; x_wconf 89' lang='lat' dir='ltr'>movet</span> <span class='ocrx_word' id='word_1_119' title='bbox 589 1913 617 1967; x_wconf 88' lang='lat' dir='ltr'>in</span> <span class='ocrx_word' id='word_1_120' title='bbox 632 1911 693 1968; x_wconf 90' lang='lat' dir='ltr'>cibo</span> <span class='ocrx_word' id='word_1_121' title='bbox 716 1920 832 1986; x_wconf 90' lang='lat' dir='ltr'>sumpta.</span> <span class='ocrx_word' id='word_1_122' title='bbox 865 1911 928 1968; x_wconf 89' lang='lat' dir='ltr'>trita</span> <span class='ocrx_word' id='word_1_123' title='bbox 950 1926 1013 1967; x_wconf 88' lang='lat' dir='ltr'>cum</span> <span class='ocrx_word' id='word_1_124' title='bbox 1034 1926 1152 1967; x_wconf 87' lang='lat' dir='ltr'>rosa-15</span> 
     </span>
     <span class='ocr_line' id='line_1_19' title="bbox 204 1995 1112 2070; baseline -0.002 -17"><span class='ocrx_word' id='word_1_125' title='bbox 204 2013 252 2053; x_wconf 91' lang='lat' dir='ltr'>ceo</span> <span class='ocrx_word' id='word_1_126' title='bbox 275 1997 364 2070; x_wconf 90' lang='lat' dir='ltr'>apium</span> <span class='ocrx_word' id='word_1_127' title='bbox 387 1996 459 2053; x_wconf 89' lang='lat' dir='ltr'>ictus</span> <span class='ocrx_word' id='word_1_128' title='bbox 475 1997 634 2069; x_wconf 84' lang='lat' dir='ltr'>compescit.</span> <span class='ocrx_word' id='word_1_129' title='bbox 665 1995 728 2052; x_wconf 91' lang='lat' dir='ltr'>lolia</span> <span class='ocrx_word' id='word_1_130' title='bbox 751 1998 809 2053; x_wconf 91' lang='lat' dir='ltr'>eius</span> <span class='ocrx_word' id='word_1_131' title='bbox 832 1998 896 2053; x_wconf 88' lang='lat' dir='ltr'>trita</span> <span class='ocrx_word' id='word_1_132' title='bbox 912 2011 974 2051; x_wconf 87' lang='lat' dir='ltr'>cum</span> <span class='ocrx_word' id='word_1_133' title='bbox 996 1996 1112 2069; x_wconf 79' lang='lat' dir='ltr'>axungia</span> 
     </span>
     <span class='ocr_line' id='line_1_20' title="bbox 202 2080 1112 2138; baseline 0 -2"><span class='ocrx_word' id='word_1_134' title='bbox 202 2080 314 2137; x_wconf 84' lang='lat' dir='ltr'>vulnera</span> <span class='ocrx_word' id='word_1_135' title='bbox 336 2083 489 2138; x_wconf 86' lang='lat' dir='ltr'>recentiora</span> <span class='ocrx_word' id='word_1_136' title='bbox 512 2088 615 2137; x_wconf 87' lang='lat' dir='ltr'>curant.</span> <span class='ocrx_word' id='word_1_137' title='bbox 651 2097 743 2137; x_wconf 84' lang='lat' dir='ltr'>semen</span> <span class='ocrx_word' id='word_1_138' title='bbox 766 2080 825 2138; x_wconf 90' lang='lat' dir='ltr'>eius</span> <span class='ocrx_word' id='word_1_139' title='bbox 848 2097 908 2137; x_wconf 89' lang='lat' dir='ltr'>cum</span> <span class='ocrx_word' id='word_1_140' title='bbox 931 2080 994 2135; x_wconf 88' lang='lat' dir='ltr'>vino</span> <span class='ocrx_word' id='word_1_141' title='bbox 1017 2081 1112 2137; x_wconf 85' lang='lat' dir='ltr'>tritum</span> 
     </span>
     <span class='ocr_line' id='line_1_21' title="bbox 203 2161 1112 2243; baseline -0.002 -21"><span class='ocrx_word' id='word_1_142' title='bbox 203 2174 297 2222; x_wconf 89' lang='lat' dir='ltr'>contra</span> <span class='ocrx_word' id='word_1_143' title='bbox 325 2167 501 2240; x_wconf 90' lang='lat' dir='ltr'>scorpionum</span> <span class='ocrx_word' id='word_1_144' title='bbox 527 2167 597 2223; x_wconf 89' lang='lat' dir='ltr'>ictus</span> <span class='ocrx_word' id='word_1_145' title='bbox 626 2174 746 2240; x_wconf 87' lang='lat' dir='ltr'>potatur.</span> <span class='ocrx_word' id='word_1_146' title='bbox 784 2161 862 2243; x_wconf 83' lang='lat' dir='ltr'>[lolia</span> <span class='ocrx_word' id='word_1_147' title='bbox 885 2166 943 2221; x_wconf 89' lang='lat' dir='ltr'>cius</span> <span class='ocrx_word' id='word_1_148' title='bbox 965 2181 1028 2220; x_wconf 88' lang='lat' dir='ltr'>cum</span> <span class='ocrx_word' id='word_1_149' title='bbox 1049 2166 1112 2221; x_wconf 85' lang='lat' dir='ltr'>vinc</span> 
     </span>
     <span class='ocr_line' id='line_1_22' title="bbox 205 2247 1112 2324; baseline 0 -20"><span class='ocrx_word' id='word_1_150' title='bbox 205 2251 268 2306; x_wconf 90' lang='lat' dir='ltr'>trita</span> <span class='ocrx_word' id='word_1_151' title='bbox 291 2252 382 2324; x_wconf 86' lang='lat' dir='ltr'>ignem</span> <span class='ocrx_word' id='word_1_152' title='bbox 405 2266 510 2307; x_wconf 89' lang='lat' dir='ltr'>sacrum</span> <span class='ocrx_word' id='word_1_153' title='bbox 526 2260 554 2306; x_wconf 89' lang='lat' dir='ltr'>ct</span> <span class='ocrx_word' id='word_1_154' title='bbox 576 2267 646 2324; x_wconf 91' lang='lat' dir='ltr'>quae</span> <span class='ocrx_word' id='word_1_155' title='bbox 660 2250 756 2307; x_wconf 87' lang='lat' dir='ltr'>adusta</span> <span class='ocrx_word' id='word_1_156' title='bbox 771 2259 835 2307; x_wconf 92' lang='lat' dir='ltr'>sunt</span> <span class='ocrx_word' id='word_1_157' title='bbox 857 2257 962 2306; x_wconf 89' lang='lat' dir='ltr'>sanant.</span> <span class='ocrx_word' id='word_1_158' title='bbox 1000 2247 1112 2305; x_wconf 89' lang='lat' dir='ltr'>traduat</span> 
     </span>
     <span class='ocr_line' id='line_1_23' title="bbox 203 2332 1155 2407; baseline -0.003 -18"><span class='ocrx_word' id='word_1_159' title='bbox 203 2336 284 2390; x_wconf 87' lang='lat' dir='ltr'>etiam</span> <span class='ocrx_word' id='word_1_160' title='bbox 305 2341 387 2407; x_wconf 87' lang='lat' dir='ltr'>partu</span> <span class='ocrx_word' id='word_1_161' title='bbox 414 2334 539 2391; x_wconf 82' lang='lat' dir='ltr'>seminam</span> <span class='ocrx_word' id='word_1_162' title='bbox 561 2333 684 2407; x_wconf 84' lang='lat' dir='ltr'>liberari,</span> <span class='ocrx_word' id='word_1_163' title='bbox 712 2338 736 2391; x_wconf 93' lang='lat' dir='ltr'>si</span> <span class='ocrx_word' id='word_1_164' title='bbox 758 2335 904 2391; x_wconf 86' lang='lat' dir='ltr'>malvarum</span> <span class='ocrx_word' id='word_1_165' title='bbox 931 2332 996 2389; x_wconf 86' lang='lat' dir='ltr'>lolia</span> <span class='ocrx_word' id='word_1_166' title='bbox 1018 2333 1112 2391; x_wconf 87' lang='lat' dir='ltr'>subter</span> <span class='ocrx_word' id='word_1_167' title='bbox 1125 2344 1155 2386; x_wconf 86' lang='lat' dir='ltr'>so</span> 
     </span>
     <span class='ocr_line' id='line_1_24' title="bbox 204 2417 1112 2494; baseline -0.001 -19"><span class='ocrx_word' id='word_1_168' title='bbox 204 2419 272 2475; x_wconf 92' lang='lat' dir='ltr'>iacta</span> <span class='ocrx_word' id='word_1_169' title='bbox 300 2420 369 2475; x_wconf 90' lang='lat' dir='ltr'>siut:</span> <span class='ocrx_word' id='word_1_170' title='bbox 404 2420 472 2492; x_wconf 85' lang='lat' dir='ltr'>quae</span> <span class='ocrx_word' id='word_1_171' title='bbox 498 2428 579 2492; x_wconf 88' lang='lat' dir='ltr'>partu</span> <span class='ocrx_word' id='word_1_172' title='bbox 606 2418 681 2476; x_wconf 87' lang='lat' dir='ltr'>edito</span> <span class='ocrx_word' id='word_1_173' title='bbox 703 2436 765 2476; x_wconf 84' lang='lat' dir='ltr'>mox</span> <span class='ocrx_word' id='word_1_174' title='bbox 793 2427 905 2494; x_wconf 87' lang='lat' dir='ltr'>oportet</span> <span class='ocrx_word' id='word_1_175' title='bbox 931 2417 1049 2491; x_wconf 82' lang='lat' dir='ltr'>aulerci,</span> <span class='ocrx_word' id='word_1_176' title='bbox 1078 2434 1112 2474; x_wconf 86' lang='lat' dir='ltr'>nc</span> 
     </span>
    </p>

    <p class='ocr_par' dir='ltr' id='par_1_10' title="bbox 104 2502 1112 2667">
     <span class='ocr_line' id='line_1_25' title="bbox 104 2502 1112 2577; baseline 0 -19"><span class='ocrx_word' id='word_1_177' title='bbox 104 2570 107 2575; x_wconf 13' lang='lat' dir='ltr'>g</span> <span class='ocrx_word' id='word_1_178' title='bbox 203 2504 300 2558; x_wconf 79' lang='lat' dir='ltr'>matrix</span> <span class='ocrx_word' id='word_1_179' title='bbox 328 2512 469 2577; x_wconf 87' lang='lat' dir='ltr'>sequatur.</span> <span class='ocrx_word' id='word_1_180' title='bbox 509 2504 626 2560; x_wconf 85' lang='lat' dir='ltr'>recentia</span> <span class='ocrx_word' id='word_1_181' title='bbox 656 2503 767 2560; x_wconf 88' lang='lat' dir='ltr'>vulnera</span> <span class='ocrx_word' id='word_1_182' title='bbox 795 2504 941 2562; x_wconf 87' lang='lat' dir='ltr'>malvarum</span> <span class='ocrx_word' id='word_1_183' title='bbox 968 2507 997 2560; x_wconf 87' lang='lat' dir='ltr'>ct</span> <span class='ocrx_word' id='word_1_184' title='bbox 1024 2502 1112 2560; x_wconf 86' lang='lat' dir='ltr'>salicis</span> 
     </span>
     <span class='ocr_line' id='line_1_26' title="bbox 205 2581 959 2667; baseline 0.004 -25"><span class='ocrx_word' id='word_1_185' title='bbox 205 2586 272 2643; x_wconf 89' lang='lat' dir='ltr'>lolia</span> <span class='ocrx_word' id='word_1_186' title='bbox 295 2589 359 2644; x_wconf 89' lang='lat' dir='ltr'>trita</span> <span class='ocrx_word' id='word_1_187' title='bbox 380 2589 440 2645; x_wconf 88' lang='lat' dir='ltr'>sine</span> <span class='ocrx_word' id='word_1_188' title='bbox 463 2604 539 2645; x_wconf 88' lang='lat' dir='ltr'>mora</span> <span class='ocrx_word' id='word_1_189' title='bbox 561 2587 593 2644; x_wconf 90' lang='lat' dir='ltr'>ad</span> <span class='ocrx_word' id='word_1_190' title='bbox 615 2589 757 2645; x_wconf 89' lang='lat' dir='ltr'>sanitatem</span> <span class='ocrx_word' id='word_1_191' title='bbox 779 2581 959 2667; x_wconf 81' lang='lat' dir='ltr'>perducunt]</span> 
     </span>
    </p>
   </div>
   <div class='ocr_carea' id='block_1_10' title="bbox 80 2789 1114 3576">
    <p class='ocr_par' dir='ltr' id='par_1_11' title="bbox 94 2789 1113 3372">
     <span class='ocr_line' id='line_1_27' title="bbox 169 2789 1112 2862; baseline 0.005 -19"><span class='ocrx_word' id='word_1_192' title='bbox 169 2796 183 2844; x_wconf 90' lang='lat'>1</span> <span class='ocrx_word' id='word_1_193' title='bbox 203 2789 321 2860; x_wconf 77' lang='lat' dir='ltr'>galenus</span> <span class='ocrx_word' id='word_1_194' title='bbox 339 2808 368 2858; x_wconf 88' lang='lat' dir='ltr'>c,</span> <span class='ocrx_word' id='word_1_195' title='bbox 386 2791 513 2861; x_wconf 77' lang='lat' dir='ltr'>gelisam</span> <span class='ocrx_word' id='word_1_196' title='bbox 530 2793 563 2862; x_wconf 75' lang='lat' dir='ltr'>pl</span> <span class='ocrx_word' id='word_1_197' title='bbox 577 2791 621 2861; x_wconf 85' lang='lat' dir='ltr'>(r).</span> <span class='ocrx_word' id='word_1_198' title='bbox 639 2793 643 2859; x_wconf 91' lang='grc' dir='ltr'>Ι</span> <span class='ocrx_word' id='word_1_199' title='bbox 664 2791 779 2846; x_wconf 73' lang='lat' dir='ltr'>althena</span> <span class='ocrx_word' id='word_1_200' title='bbox 796 2793 850 2861; x_wconf 78' lang='lat' dir='ltr'>gol</span> <span class='ocrx_word' id='word_1_201' title='bbox 869 2792 1050 2861; x_wconf 70' lang='lat' dir='ltr'>(nicheam,</span> <span class='ocrx_word' id='word_1_202' title='bbox 1074 2792 1112 2847; x_wconf 77' lang='lat' dir='ltr'>sl·</span> 
     </span>
     <span class='ocr_line' id='line_1_28' title="bbox 95 2860 1112 2932; baseline 0.001 -16"><span class='ocrx_word' id='word_1_203' title='bbox 95 2860 192 2916; x_wconf 81' lang='lat' dir='ltr'>theam</span> <span class='ocrx_word' id='word_1_204' title='bbox 211 2861 247 2932; x_wconf 90' lang='lat' dir='ltr'>b).</span> <span class='ocrx_word' id='word_1_205' title='bbox 292 2863 540 2917; x_wconf 70' lang='lat' dir='ltr'>iaccomodatam</span> <span class='ocrx_word' id='word_1_206' title='bbox 559 2864 576 2917; x_wconf 90' lang='lat' dir='ltr'>l.</span> <span class='ocrx_word' id='word_1_207' title='bbox 622 2868 680 2920; x_wconf 84' lang='lat' dir='ltr'>3u.</span> <span class='ocrx_word' id='word_1_208' title='bbox 694 2863 775 2918; x_wconf 81' lang='lat' dir='ltr'>tabes</span> <span class='ocrx_word' id='word_1_209' title='bbox 790 2864 923 2918; x_wconf 81' lang='lat' dir='ltr'>exiccare.</span> <span class='ocrx_word' id='word_1_210' title='bbox 937 2882 961 2919; x_wconf 77' lang='lat' dir='ltr'>r.</span> <span class='ocrx_word' id='word_1_211' title='bbox 998 2863 1112 2920; x_wconf 72' lang='lat' dir='ltr'>ihsec:</span> 
     </span>
     <span class='ocr_line' id='line_1_29' title="bbox 96 2932 1112 3006; baseline 0.002 -18"><span class='ocrx_word' id='word_1_212' title='bbox 96 2950 150 3003; x_wconf 85' lang='lat' dir='ltr'>que</span> <span class='ocrx_word' id='word_1_213' title='bbox 169 2951 191 2989; x_wconf 83' lang='lat' dir='ltr'>r.</span> <span class='ocrx_word' id='word_1_214' title='bbox 213 2934 217 3002; x_wconf 91' lang='grc' dir='ltr'>Ι</span> <span class='ocrx_word' id='word_1_215' title='bbox 238 2948 295 2987; x_wconf 88' lang='lat' dir='ltr'>non</span> <span class='ocrx_word' id='word_1_216' title='bbox 313 2932 367 2986; x_wconf 86' lang='lat' dir='ltr'>erit</span> <span class='ocrx_word' id='word_1_217' title='bbox 383 2933 438 3002; x_wconf 75' lang='lat' dir='ltr'>pol</span> <span class='ocrx_word' id='word_1_218' title='bbox 451 2934 501 3002; x_wconf 88' lang='lat' dir='ltr'>(b):</span> <span class='ocrx_word' id='word_1_219' title='bbox 525 2949 585 2988; x_wconf 84' lang='lat' dir='ltr'>essa</span> <span class='ocrx_word' id='word_1_220' title='bbox 603 2950 659 2989; x_wconf 89' lang='lat' dir='ltr'>non</span> <span class='ocrx_word' id='word_1_221' title='bbox 676 2935 770 3004; x_wconf 81' lang='lat' dir='ltr'>potest</span> <span class='ocrx_word' id='word_1_222' title='bbox 787 2952 810 2990; x_wconf 83' lang='lat' dir='ltr'>r.</span> <span class='ocrx_word' id='word_1_223' title='bbox 831 2937 836 3003; x_wconf 82' lang='lat'>1</span> <span class='ocrx_word' id='word_1_224' title='bbox 857 2934 983 2990; x_wconf 81' lang='lat' dir='ltr'>eiusdem</span> <span class='ocrx_word' id='word_1_225' title='bbox 1000 2951 1030 3006; x_wconf 73' lang='lat' dir='ltr'>p:</span> <span class='ocrx_word' id='word_1_226' title='bbox 1054 2934 1112 2991; x_wconf 86' lang='lat' dir='ltr'>eins</span> 
     </span>
     <span class='ocr_line' id='line_1_30' title="bbox 95 3003 1112 3076; baseline 0.003 -18"><span class='ocrx_word' id='word_1_227' title='bbox 95 3006 202 3074; x_wconf 82' lang='lat' dir='ltr'>vl(rb).</span> <span class='ocrx_word' id='word_1_228' title='bbox 236 3003 516 3060; x_wconf 78' lang='lat' dir='ltr'>brucceditsativsl.</span> <span class='ocrx_word' id='word_1_229' title='bbox 550 3006 740 3060; x_wconf 77' lang='lat' dir='ltr'>tisensercrb.</span> <span class='ocrx_word' id='word_1_230' title='bbox 769 3005 1112 3076; x_wconf 74' lang='lat' dir='ltr'>iGcl(i9ld)enusvpld:</span> 
     </span>
     <span class='ocr_line' id='line_1_31' title="bbox 94 3075 1111 3148; baseline 0 -18"><span class='ocrx_word' id='word_1_231' title='bbox 94 3075 270 3133; x_wconf 81' lang='lat' dir='ltr'>Dioscorides</span> <span class='ocrx_word' id='word_1_232' title='bbox 288 3075 358 3130; x_wconf 81' lang='lat' dir='ltr'>male</span> <span class='ocrx_word' id='word_1_233' title='bbox 370 3076 415 3131; x_wconf 82' lang='lat' dir='ltr'>rb.</span> <span class='ocrx_word' id='word_1_234' title='bbox 431 3077 435 3145; x_wconf 88' lang='grc' dir='ltr'>Ι</span> <span class='ocrx_word' id='word_1_235' title='bbox 452 3075 485 3130; x_wconf 83' lang='lat' dir='ltr'>G.</span> <span class='ocrx_word' id='word_1_236' title='bbox 499 3076 582 3145; x_wconf 79' lang='lat' dir='ltr'>putat</span> <span class='ocrx_word' id='word_1_237' title='bbox 594 3091 657 3129; x_wconf 79' lang='lat' dir='ltr'>cam</span> <span class='ocrx_word' id='word_1_238' title='bbox 675 3075 790 3132; x_wconf 84' lang='lat' dir='ltr'>humide</span> <span class='ocrx_word' id='word_1_239' title='bbox 803 3095 829 3133; x_wconf 90' lang='lat' dir='ltr'>v.</span> <span class='ocrx_word' id='word_1_240' title='bbox 844 3093 903 3132; x_wconf 86' lang='lat' dir='ltr'>esse</span> <span class='ocrx_word' id='word_1_241' title='bbox 921 3081 952 3132; x_wconf 86' lang='lat' dir='ltr'>et</span> <span class='ocrx_word' id='word_1_242' title='bbox 968 3077 1073 3148; x_wconf 82' lang='lat' dir='ltr'>frigida</span> <span class='ocrx_word' id='word_1_243' title='bbox 1085 3078 1111 3133; x_wconf 88' lang='lat' dir='ltr'>d.</span> 
     </span>
     <span class='ocr_line' id='line_1_32' title="bbox 99 3144 1113 3274; baseline 0.002 -72"><span class='ocrx_word' id='word_1_244' title='bbox 99 3146 230 3220; x_wconf 75' lang='lat' dir='ltr'>tumidae</span> <span class='ocrx_word' id='word_1_245' title='bbox 253 3165 285 3202; x_wconf 86' lang='lat' dir='ltr'>v:</span> <span class='ocrx_word' id='word_1_246' title='bbox 312 3144 445 3202; x_wconf 81' lang='lat' dir='ltr'>humidae</span> <span class='ocrx_word' id='word_1_247' title='bbox 467 3146 550 3202; x_wconf 83' lang='lat' dir='ltr'>etiam</span> <span class='ocrx_word' id='word_1_248' title='bbox 570 3162 597 3215; x_wconf 76' lang='lat'>9.</span> <span class='ocrx_word' id='word_1_249' title='bbox 658 3152 674 3203; x_wconf 88' lang='lat'><em>8</em></span> <span class='ocrx_word' id='word_1_250' title='bbox 693 3148 796 3274; x_wconf 78' lang='lat' dir='ltr'>probat</span> <span class='ocrx_word' id='word_1_251' title='bbox 813 3153 861 3205; x_wconf 79' lang='lat' dir='ltr'>otc.</span> <span class='ocrx_word' id='word_1_252' title='bbox 883 3149 950 3203; x_wconf 82' lang='lat' dir='ltr'>baec</span> <span class='ocrx_word' id='word_1_253' title='bbox 970 3149 1014 3204; x_wconf 85' lang='lat' dir='ltr'>ita</span> <span class='ocrx_word' id='word_1_254' title='bbox 1036 3148 1113 3236; x_wconf 76' lang='lat' dir='ltr'>apud</span> 
     </span>
     <span class='ocr_line' id='line_1_33' title="bbox 96 3212 1113 3289; baseline 0 -15"><span class='ocrx_word' id='word_1_255' title='bbox 96 3218 232 3276; x_wconf 74' lang='lat' dir='ltr'>Galeam</span> <span class='ocrx_word' id='word_1_256' title='bbox 251 3217 325 3289; x_wconf 73' lang='grc' dir='ltr'><strong>(περὶ</strong></span> <span class='ocrx_word' id='word_1_257' title='bbox 339 3212 526 3288; x_wconf 74' lang='grc' dir='ltr'><strong><em>κολοκύνθης)</em></strong></span> <span class='ocrx_word' id='word_1_258' title='bbox 600 3214 659 3273; x_wconf 76' lang='grc' dir='ltr'>ἔστι</span> <span class='ocrx_word' id='word_1_259' title='bbox 677 3220 694 3272; x_wconf 83' lang='lat' dir='ltr'>d</span> <span class='ocrx_word' id='word_1_260' title='bbox 724 3218 773 3273; x_wconf 75' lang='lat' dir='ltr'>sal</span> <span class='ocrx_word' id='word_1_261' title='bbox 793 3215 875 3275; x_wconf 72' lang='grc' dir='ltr'><strong><em>ἐσθιο</em></strong></span> <span class='ocrx_word' id='word_1_262' title='bbox 897 3217 948 3288; x_wconf 69' lang='grc' dir='ltr'>ἕνη</span> <span class='ocrx_word' id='word_1_263' title='bbox 961 3221 1113 3288; x_wconf 71' lang='grc' dir='ltr'>πλαδωδηε</span> 
     </span>
     <span class='ocr_line' id='line_1_34' title="bbox 97 3239 1078 3372; baseline 0.004 -28"><span class='ocrx_word' id='word_1_264' title='bbox 97 3288 296 3358; x_wconf 79' lang='lat' dir='ltr'>(relaxetivct)</span> <span class='ocrx_word' id='word_1_265' title='bbox 319 3289 369 3344; x_wconf 81' lang='lat' dir='ltr'>uod</span> <span class='ocrx_word' id='word_1_266' title='bbox 386 3284 500 3372; x_wconf 63' lang='grc' dir='ltr'>ἄδιψος.</span> <span class='ocrx_word' id='word_1_267' title='bbox 521 3291 525 3357; x_wconf 92' lang='grc' dir='ltr'>Ι</span> <span class='ocrx_word' id='word_1_268' title='bbox 550 3288 627 3359; x_wconf 86' lang='lat' dir='ltr'>quod</span> <span class='ocrx_word' id='word_1_269' title='bbox 643 3290 674 3346; x_wconf 92' lang='lat' dir='ltr'>in</span> <span class='ocrx_word' id='word_1_270' title='bbox 691 3290 781 3361; x_wconf 67' lang='lat' dir='ltr'>gelde</span> <span class='ocrx_word' id='word_1_271' title='bbox 810 3239 896 3360; x_wconf 61' lang='lat' dir='ltr'>qnod</span> <span class='ocrx_word' id='word_1_272' title='bbox 903 3289 967 3361; x_wconf 77' lang='lat' dir='ltr'>ipsa</span> <span class='ocrx_word' id='word_1_273' title='bbox 983 3291 1015 3348; x_wconf 87' lang='lat' dir='ltr'>in</span> <span class='ocrx_word' id='word_1_274' title='bbox 1032 3292 1078 3348; x_wconf 81' lang='lat' dir='ltr'>rb.</span> 
     </span>
    </p>

    <p class='ocr_par' dir='ltr' id='par_1_12' title="bbox 80 3360 1114 3576">
     <span class='ocr_line' id='line_1_35' title="bbox 97 3360 1114 3432; baseline 0.007 -20"><span class='ocrx_word' id='word_1_275' title='bbox 97 3364 113 3412; x_wconf 86' lang='grc'>9</span> <span class='ocrx_word' id='word_1_276' title='bbox 131 3378 188 3416; x_wconf 89' lang='lat' dir='ltr'>non</span> <span class='ocrx_word' id='word_1_277' title='bbox 206 3363 311 3417; x_wconf 82' lang='lat' dir='ltr'>excitat</span> <span class='ocrx_word' id='word_1_278' title='bbox 333 3360 472 3416; x_wconf 78' lang='lat' dir='ltr'>desideria</span> <span class='ocrx_word' id='word_1_279' title='bbox 492 3360 609 3416; x_wconf 84' lang='lat' dir='ltr'>bibendi</span> <span class='ocrx_word' id='word_1_280' title='bbox 630 3363 657 3420; x_wconf 83' lang='lat' dir='ltr'>d.</span> <span class='ocrx_word' id='word_1_281' title='bbox 717 3367 751 3417; x_wconf 79' lang='lat' dir='ltr'>ta</span> <span class='ocrx_word' id='word_1_282' title='bbox 776 3377 873 3418; x_wconf 79' lang='lat' dir='ltr'>earum</span> <span class='ocrx_word' id='word_1_283' title='bbox 890 3363 910 3418; x_wconf 79' lang='lat' dir='ltr'>d</span> <span class='ocrx_word' id='word_1_284' title='bbox 921 3362 992 3432; x_wconf 62' lang='grc' dir='ltr'>(τως</span> <span class='ocrx_word' id='word_1_285' title='bbox 1018 3377 1114 3419; x_wconf 83' lang='lat' dir='ltr'>eorum</span> 
     </span>
     <span class='ocr_line' id='line_1_36' title="bbox 89 3425 1113 3506; baseline 0.008 -24"><span class='ocrx_word' id='word_1_286' title='bbox 89 3431 149 3506; x_wconf 66' lang='lat' dir='ltr'>pal</span> <span class='ocrx_word' id='word_1_287' title='bbox 171 3431 238 3498; x_wconf 69' lang='grc' dir='ltr'>(τῶν</span> <span class='ocrx_word' id='word_1_288' title='bbox 259 3427 408 3500; x_wconf 62' lang='lat' dir='ltr'>evocatae</span> <span class='ocrx_word' id='word_1_289' title='bbox 432 3425 521 3487; x_wconf 69' lang='lat' dir='ltr'>edroi&gt;</span> <span class='ocrx_word' id='word_1_290' title='bbox 545 3431 608 3487; x_wconf 78' lang='lat' dir='ltr'>Gal.</span> <span class='ocrx_word' id='word_1_291' title='bbox 627 3433 645 3489; x_wconf 85' lang='lat' dir='ltr'>l.</span> <span class='ocrx_word' id='word_1_292' title='bbox 664 3450 686 3489; x_wconf 89' lang='lat' dir='ltr'>c.</span> <span class='ocrx_word' id='word_1_293' title='bbox 705 3439 737 3487; x_wconf 78' lang='lat' dir='ltr'>ut</span> <span class='ocrx_word' id='word_1_294' title='bbox 754 3433 858 3502; x_wconf 83' lang='lat' dir='ltr'>Diosc,</span> <span class='ocrx_word' id='word_1_295' title='bbox 886 3449 965 3489; x_wconf 79' lang='lat' dir='ltr'>rasae</span> <span class='ocrx_word' id='word_1_296' title='bbox 985 3434 1052 3506; x_wconf 78' lang='lat' dir='ltr'>Pl).</span> <span class='ocrx_word' id='word_1_297' title='bbox 1079 3431 1113 3501; x_wconf 65' lang='grc' dir='ltr'>οἱ.</span> 
     </span>
     <span class='ocr_line' id='line_1_37' title="bbox 80 3497 823 3576; baseline 0.001 -18"><span class='ocrx_word' id='word_1_298' title='bbox 80 3497 209 3566; x_wconf 73' lang='lat' dir='ltr'>mfrap,</span> <span class='ocrx_word' id='word_1_299' title='bbox 232 3507 341 3569; x_wconf 77' lang='lat'>141,20.</span> <span class='ocrx_word' id='word_1_300' title='bbox 359 3506 367 3573; x_wconf 85' lang='grc'><em>1</em></span> <span class='ocrx_word' id='word_1_301' title='bbox 385 3503 507 3576; x_wconf 78' lang='lat' dir='ltr'>galenus</span> <span class='ocrx_word' id='word_1_302' title='bbox 525 3520 556 3576; x_wconf 84' lang='lat' dir='ltr'>v,</span> <span class='ocrx_word' id='word_1_303' title='bbox 574 3502 702 3576; x_wconf 72' lang='lat' dir='ltr'>galienus</span> <span class='ocrx_word' id='word_1_304' title='bbox 720 3505 823 3576; x_wconf 70' lang='lat' dir='ltr'>gldtrl.</span> 
     </span>
    </p>
   </div>
   <div class='ocr_carea' id='block_1_11' title="bbox 0 0 1212 3900">
    <p class='ocr_par' dir='ltr' id='par_1_13' title="bbox 0 0 1212 3900">
     <span class='ocr_line' id='line_1_38' title="bbox 0 0 1212 3900; baseline 0 0"><span class='ocrx_word' id='word_1_305' title='bbox 0 0 1212 3900; x_wconf 95' lang='lat' dir='ltr'> </span> 
     </span>
    </p>
   </div>
  </div>
 </body>
</html>
