2416 3900
501 207 741 272 -155—

116 372 240 434 auribus
263 373 324 432 sive
344 369 466 431 naribus
485 387 553 430 cum
570 377 655 449 parte
673 375 761 433 tertia
780 374 876 436 mellis
899 376 1025 436 inlusus.

116 464 159 523 ita
185 461 266 523 idem
292 458 463 520 lumborum
486 458 604 520 dolores
633 477 670 518 ex
698 462 765 522 rino
789 465 923 524 mitiores
946 464 1025 524 lacit.

117 551 292 630 sauguinem
314 546 537 628 excreantibus,
566 546 715 631 pthisicis,
743 553 831 612 etiam
854 551 1025 613 destillatio-

116 637 205 699 nibus
223 637 433 698 vetustissimis
453 636 499 696 rel
517 654 554 696 ex
572 638 638 715 ipsc
656 636 741 700 cibus
760 640 918 701 utilissime
936 635 1025 700 datur

90 726 164 787 orel
195 744 287 787 sucus
319 727 350 785 in
381 727 502 805 potione
534 726 686 787 miscetur.
728 729 760 787 in
789 727 855 790 cibo
889 736 1025 808 sumptus

116 814 279 894 plurimum
303 821 387 874 estur
409 819 513 875 contra
537 831 649 874 venena
671 812 841 895 fungorum.
877 818 1025 879 fracturas

116 902 229 984 alligat,
262 901 387 964 duritias
414 901 539 982 relaxat,
566 901 689 964 vulnera
716 908 850 967 recentia
873 924 943 967 cum
966 905 1026 966 sale

116 991 271 1071 adpositus
289 993 388 1052 statim
407 989 530 1072 claudit,
549 989 709 1053 ebrietates
727 992 863 1076 discutit,
886 1011 1026 1055 venerem

116 1079 261 1161 summat,
284 1080 365 1140 sitim
383 1077 479 1161 sedat,
501 1087 636 1140 ventrem
655 1080 758 1142 mollit.
785 1099 890 1143 uocem
908 1082 1027 1144 adiuvat

77 1187 104 1227 so
117 1167 316 1248 adstipulante
334 1166 453 1228 Nerone
475 1168 529 1246 qui
550 1185 648 1247 porro.
660 1167 763 1230 debuit
786 1173 925 1250 quotiens
947 1169 1024 1231 bene
1037 1165 1123 1229 P·¹9‚

117 1259 255 1319 ommit-
767 1237 780 1255 ²
1026 1239 1133 1305 33,108.

183 1341 344 1426 <Capitate
373 1362 464 1425 porro
490 1346 523 1405 iu
545 1362 581 1405 eo
608 1344 688 1423 quod
712 1354 873 1408 extenuare
905 1346 1026 1425 quidem

115 1432 235 1495 ridetur
256 1433 385 1495 odorata
402 1435 446 1495 vis
468 1432 615 1514 creditur,
639 1433 691 1494 sed
713 1434 842 1496 admixta
861 1444 907 1497 est
929 1435 973 1496 illi
995 1443 1026 1496 et

116 1523 242 1584 acrioris
279 1530 311 1584 et
351 1521 445 1584 umidi
481 1520 615 1601 qualitas.
670 1522 798 1602 ideoque
835 1523 1025 1585 Dioscorides
1057 1519 1097 1572 D«

77 1627 104 1669 15
116 1609 190 1672 bace
212 1613 244 1672 in
263 1629 300 1673 eo
319 1612 390 1673 vitia
411 1616 571 1690 percenset
592 1609 673 1690 quod
695 1611 862 1673 inflationes
881 1612 1026 1674 stomachi
1036 1594 1124 1659 ²2¹⁷&

117 1701 242 1781 excitet,
277 1717 366 1761 sucos
397 1698 518 1760 inutiles
550 1706 687 1780 generet,
719 1702 849 1762 vesicam
880 1700 1026 1781 vulneret,

117 1787 259 1867 caligines
285 1790 419 1849 incutiat.
455 1794 543 1867 atque
568 1787 634 1847 ideo
657 1787 793 1867 flegmate
821 1787 1026 1849 laborantibus

116 1875 233 1939 modice
247 1876 348 1957 datur,
361 1875 430 1938 felle
444 1882 544 1937 autem
556 1892 681 1954 prorsus
700 1875 908 1955 denegandum
921 1877 1025 1936 rectis-

116 1967 192 2027 simo
210 1964 340 2026 Galenus
358 1967 516 2025 existimat.
548 1966 618 2025 vitia
636 1964 704 2025 ciui
719 1964 793 2025 baec
808 1965 902 2026 ferme
917 1964 1016 2025 riden-
1027 1967 1134 2023 dotia

78 2186 105 2225 20
182 2178 286 2236 Porrus
306 2179 396 2235 minus
419 2175 526 2251 quidem
543 2175 679 2247 calefacit,
702 2177 807 2232 urinam
831 2184 920 2230 tamen
936 2181 1027 2229 movet
1046 2173 1102 2239 (60)

117 2263 314 2339 elegantur..
337 2260 419 2318 babet
434 2262 514 2318 etlam
536 2267 640 2336 partem
662 2260 866 2335 purgatoriam:
889 2258 1028 2314 humectat

118 2347 200 2408 culm
240 2340 422 2404 carbunculos
449 2352 525 2402 curat
557 2352 585 2400 et
619 2344 799 2401 stomachum.
847 2349 912 2417 post
941 2340 1029 2399 cibum

119 2430 293 2506 accipiendus
308 2438 361 2487 est.
390 2431 471 2488 tritus
493 2445 554 2486 curu
569 2428 650 2485 melle
664 2428 778 2486 vulnera
792 2425 902 2484 sordida
916 2431 1028 2500 purgat.

184 2514 291 2572 Sectilis
324 2530 424 2588 porrus
456 2514 485 2570 in
514 2511 573 2570 cibo
601 2522 729 2588 sumptus
757 2527 851 2570 rocem
885 2517 1027 2585 expurgat.
1047 2514 1103 2584 (61)

80 2608 106 2650 ²⁵
119 2615 201 2657 sucus
223 2598 353 2657 loliorum
375 2600 434 2655 eius
456 2614 517 2655 cum
540 2612 653 2655 rosaceo
675 2597 788 2653 vulnera
809 2596 915 2652 aurium
936 2601 965 2651 et
986 2601 1030 2650 tu·

119 2699 209 2741 mores
234 2683 294 2740 sice
321 2699 499 2757 percussuras
526 2688 613 2738 curat.
658 2696 740 2738 sucus
768 2682 827 2737 eius
853 2694 915 2737 cum
943 2677 1030 2754 gallae

181 2900 343 2971 aptbisiois
362 2903 384 2956 l:
399 2900 509 2971 ptiaicis
521 2915 567 2969 pu.
584 2901 588 2964 l
605 2895 838 2954 distillationibus
853 2898 997 2968 (utsupra)
1011 2896 1136 2979 poluit).

153 2970 338 3028 tutilissime
357 2971 440 3027 datur
456 2972 524 3041 pol:
543 2969 621 3024 utilia
638 2971 764 3052 sumatur
782 2969 827 3024 rb.
882 2975 999 3052 bpucus
1022 2984 1053 3020 m
1070 2966 1136 3035 pol:

118 3042 412 3126 mousoiuaiprb.1
433 3041 573 3097 miscetur.
601 3041 635 3094 ln
653 3042 717 3096 cabo
736 3059 756 3095 s.
774 3041 862 3110 pu(l):
890 3039 1031 3094 muscetur.
1059 3035 1138 3090 Idem

119 3130 273 3240 uua
285 3115 482 3255 <attat
499 3107 1016 3263 <statuebas
1038 3107 1138 3232 ta.

118 3254 276 3325 stipulante
292 3272 322 3310 o:
341 3255 512 3326 astipulante
525 3253 633 3323 plut).
650 3254 654 3320 Ι
671 3269 720 3321 qm
733 3253 744 3304 l
758 3252 834 3320 (top
853 3265 926 3319 quae
938 3264 976 3318 po
988 3248 1054 3317 (rb).
1072 3247 1137 3314 sort.

119 3340 184 3395 qm·
199 3327 205 3394 1
220 3326 271 3397 qui
288 3343 402 3396 porrum
420 3323 529 3381 debibit
542 3325 560 3379 l.
604 3328 637 3377 12
652 3322 878 3376 Additometatum
895 3335 929 3374 eu
942 3319 999 3374 cod.
1018 3319 1048 3374 S.
1064 3317 1138 3372 Gall.

120 3402 172 3452 tot
191 3398 312 3480 palmi.
329 3409 366 3457 Π,
381 3401 453 3467 129).
474 3399 487 3480 l·
504 3393 645 3476 capitatus
667 3407 764 3462 porrus
787 3392 870 3473 wib!
890 3389 1012 3460 quedam
1031 3389 1093 3473 eod.
1116 3459 1122 3470 Ι

121 3472 155 3523 ta
169 3467 214 3523 lus
227 3469 286 3524 cod.
333 3474 367 3523 14
385 3469 418 3523 D.
433 3483 449 3523 a
463 3481 542 3522 cuneo
556 3465 628 3525 vrbe
644 3463 702 3518 cod.
749 3468 783 3517 16
798 3463 914 3516 excreat.
935 3457 1149 3515 mensunusum

120 3541 237 3608 generat
255 3539 312 3595 cod.
326 3541 334 3609 l
349 3539 449 3595 vissicd
468 3541 548 3609 (corr.
568 3533 669 3607 visitari
693 3533 754 3591 cod.
813 3540 851 3588 ib
868 3532 958 3585 inme
974 3543 1052 3582 coru.
1069 3525 1135 3574 cod.
