2416 3900
484 151 702 217 -48-

353 318 394 376 tia
407 334 477 394 pars
491 315 616 399 decidat,
629 317 720 397 idque
732 319 833 378 vinum
847 315 960 377 bibitur
974 334 1102 398 merum,
1117 362 1120 367 -

220 415 325 479 23‚135.
354 404 476 484 cyathus
499 423 578 466 unus
600 407 631 467 in
655 405 711 466 die.
756 423 910 467 mororum
937 406 1102 468 satiuorum

219 504 325 568 23‚160.
352 495 569 555 inmaturorum
588 511 679 555 sucus
697 492 818 555 bibitur.
851 493 990 554 sorbetur
1009 513 1102 557 sucus

237 593 324 656 30‚ao.
353 583 474 643 seminis
503 584 601 661 myrti.
646 581 802 662 palumbus
830 582 913 642 ierus
943 600 980 643 ex
1007 601 1100 663 pusca

253 671 291 726 ib.
352 678 455 731 coctus
487 672 518 731 in
550 670 617 731 cibo
649 671 745 731 datur.
792 670 879 731 fimus
911 669 1127 735 columbinus⁶

236 768 323 831 30‚61.
352 776 421 819 cum
443 758 529 819 melle
553 761 650 819 ventri
671 758 816 819 inlinitur.
846 757 959 820 bibitur
979 767 1101 822 anatum

262 851 279 885 *
351 847 549 908 mascularum
566 849 695 927 sanguis.
718 846 807 908 flores
825 846 872 907 vel
888 848 1043 909 cincinnos
1062 846 1100 911 de

351 935 480 996 avellana
503 936 617 1014 colligis
644 943 675 996 et
697 938 790 996 mittis
812 937 844 995 in
868 935 957 996 furno
985 944 1019 998 ut
1042 938 1099 998 sic·

351 1031 470 1104 centur,
500 1031 530 1086 et
554 1043 622 1086 cum
644 1025 748 1085 siccati
770 1024 882 1085 luerint
904 1031 1046 1086 teruntur
1068 1032 1101 1087 et

351 1131 388 1172 ex
411 1114 478 1173 vino
500 1115 704 1192 propinantur.
741 1113 871 1192 iuniperi
898 1111 988 1173 bacae
1011 1115 1099 1175 tritae
1114 1123 1138 1163 1⁰

351 1219 388 1261 ex
401 1203 469 1262 vino
484 1203 569 1280 nigro
587 1201 618 1262 id
637 1209 682 1261 est
701 1218 737 1260 ex
756 1202 821 1261 uvis
844 1202 938 1279 nigris
956 1218 1099 1281 expresso

237 1299 323 1363 2439.
350 1295 499 1368 potantur.
527 1288 582 1349 llos
596 1288 723 1349 hederae
738 1288 836 1349 tribus
850 1287 950 1368 digitis
960 1297 1099 1370 sumptus

219 1387 324 1450 24,116.
351 1379 382 1437 in
406 1379 473 1437 vino
501 1384 620 1438 austero
643 1375 755 1437 bibitur
782 1375 828 1436 bis
856 1379 887 1437 in
915 1377 971 1438 die.
1008 1376 1098 1439 bacae

215 1475 324 1538 ⁴24,119.
352 1464 477 1525 acrifolii
495 1483 531 1524 ex
549 1467 617 1525 vino
635 1471 792 1544 potantur.
822 1463 967 1526 ruborum
987 1467 1018 1525 in
1033 1468 1098 1544 qui·

351 1552 408 1614 bus
424 1570 506 1613 mora
519 1561 684 1613 nascuntur
697 1552 835 1614 cauliculi
849 1571 886 1614 ex
895 1554 962 1613 vino
976 1561 1098 1614 austero
1112 1559 1136 1603 1⁵

236 1650 323 1714 cepe.
352 1639 560 1720 decoquuntur
583 1647 614 1702 et
635 1642 667 1700 in
686 1640 752 1701 cibo
776 1641 891 1702 dantur.
929 1640 1099 1702 coclearum

352 1747 427 1808 quae
456 1731 535 1790 vivae
564 1736 710 1790 crematae
735 1730 794 1790 sint
822 1730 897 1790 cinis
923 1730 1038 1809 potioni
1061 1748 1099 1790 ex

229 1827 323 1891 '26,44.
351 1819 419 1878 vino
451 1825 570 1879 austero
602 1819 793 1898 inspergitur.
833 1817 969 1897 plantago
998 1817 1098 1878 editur

236 1916 323 1980 26,45.
352 1924 388 1966 ex
420 1913 502 1968 aceto
535 1912 627 1966 cocta.
670 1904 816 1986 symphyti
848 1905 931 1966 radix
961 1923 997 1965 ex
1020 1907 1097 1966 'rino

232 2004 323 2067 eope.
351 1993 472 2055 bibitur.
508 1993 661 2073 gallinacei
683 1986 768 2054 iecur
788 2011 888 2054 assum
906 1995 938 2053 in
957 1992 1023 2054 cibo
1047 2011 1096 2055 su·
1110 2003 1137 2045 ²⁰

351 2084 449 2144 mitur.

417 2283 493 2340 VH.
517 2283 692 2339 cholerae.

317 2394 325 2406 ⁸
417 2399 542 2461 Cholera
561 2402 672 2461 ventris
687 2401 791 2461 vitium
805 2405 851 2459 est
869 2397 994 2480 malum,
1011 2415 1096 2478 prae·

262 2493 278 2526 '¹‘
350 2506 421 2568 ceps
445 2520 488 2530 ——
516 2489 639 2549 mirifice
667 2486 789 2566 prodest
816 2487 991 2565 compositio
1020 2503 1096 2566 quae

349 2577 427 2636 inira
455 2578 564 2657 scripta
591 2584 645 2637 est.
683 2575 775 2636 olivae
804 2592 892 2654 quam
919 2576 1097 2635 veterrimae

350 2657 545 2744 aqua'calida
572 2664 714 2726 eluuntur
736 2666 777 2725 ita
806 2671 840 2724 ut
867 2680 1005 2742 saporem
1027 2661 1097 2722 salis
1110 2671 1136 2715 tt

155 2851 301 2908 staminis
321 2853 367 2907 Pl.
387 2856 461 2924 (aute
482 2853 594 2921 Dettefs.
613 2853 661 2921 qwi
683 2850 802 2907 correait
819 2865 853 2904 ec
871 2849 929 2906 cod.
949 2850 989 2914 V).
1013 2849 1020 2916 1
1044 2848 1097 2905 Bar

83 2923 194 2980 lumbos
207 2923 282 2979 ferus
296 2924 322 2978 d.
369 2929 384 2978 7
399 2924 587 2979 masculorum
595 2923 685 2992 ydrb.
732 2925 747 2974 8
759 2920 892 2990 colliges.
904 2961 910 2973 .
922 2918 1034 2973 ,milbes
1047 2920 1068 2975 d
1072 2921 1098 2975 b.

86 2994 188 3068 {furno
207 2995 265 3064 (sic)
283 2996 340 3064 pd:
357 2993 469 3048 furnum
487 2994 511 3050 b.
573 2999 607 3048 10
624 2993 732 3048 bachae
750 3007 768 3061 p
786 2990 882 3060 (bacca
900 2991 937 3059 d).
998 2993 1032 3044 11
1052 3007 1100 3045 ex·

83 3065 163 3151 uviis·
173 3083 192 3138 y
210 3067 375 3135 (utsupra).
403 3083 436 3121 ex
454 3064 516 3120 uvis
534 3063 685 3146 nigriatyel
704 3079 738 3117 ex
755 3061 838 3117 vinea
856 3061 1010 3143 (quodpm.
1027 3062 1099 3131 prb)

83 3134 806 3276 wc
829 3130 1101 3285 cleers

85 3284 118 3333 17
137 3279 194 3335 sinb
210 3281 249 3350 pb
268 3279 351 3348 (Ptyz
370 3279 435 3333 sunt
453 3278 479 3332 d.
549 3282 580 3331 18
600 3273 705 3331 austeri
722 3290 746 3344 9.
811 3278 853 3354 19·
865 3272 966 3341 Syufih
978 3286 1006 3342 9,
1026 3272 1100 3328 Sim·

84 3347 158 3416 phiei
176 3351 207 3404 d:
227 3349 346 3404 samsuci
364 3366 387 3405 r.
441 3349 482 3403 tit.
501 3347 545 3402 Ad
564 3346 656 3402 colere
672 3347 715 3417 gd
733 3343 907 3427 (choleribus
924 3343 983 3398 iud.
1003 3343 1046 3398 tit.
1059 3346 1101 3413 9).

120 3422 154 3472 23
183 3421 400 3489 compositionem
426 3435 495 3490 quoa
516 3435 568 3474 oe.
599 3417 718 3473 hicnon
739 3418 947 3484 recleposclum
972 3414 1020 3470 sed
1046 3419 1102 3469 cast

79 3487 527 3548 ulieoomeseeautcertelocoouo
588 3488 1099 3557 cluammormoedoc-epacte.
