2416 3900
499 170 740 236 -148—

217 352 305 414 quam
338 351 441 394 semen
476 332 550 393 adeo
582 333 771 396 suavissimas
802 333 900 395 reddit
937 341 971 395 ut
1003 334 1072 396 inde
1106 355 1123 397 a

217 421 336 484 Graecis
360 437 498 483 euzomos
520 422 678 484 nominata
691 422 740 484 ait.

280 552 355 610 XV.
386 551 437 607 De
459 564 601 622 pepone.

108 727 111 733 .
154 660 169 694 *
280 650 404 713 liielonis
423 669 496 713 usus
520 658 567 713 est
589 652 709 730 quidem
727 654 852 733 gratior,
875 670 989 731 verum
1002 653 1121 717 difficile

216 743 413 820 concoquitur
430 747 554 821 propter
572 739 737 802 naturalem
750 742 888 820 rigorem.
917 748 947 802 et
967 741 1035 803 ideo
1049 761 1122 805 non-

215 829 290 890 nulli
317 848 385 891 cum
412 837 496 891 aceto
523 837 659 911 sumunt,
686 828 820 908 puleium
842 831 870 890 ei
898 837 928 890 et
955 848 1044 911 cepas
1072 831 1150 893 etl-5

216 920 357 999 miscent,
381 936 440 998 quo
463 919 600 979 nocitura
622 919 667 978 ris
689 917 809 997 frigoris
831 924 1026 998 temperetur.

138 1003 183 1059 Pi.
281 1006 362 1086 Pepo
376 1009 407 1067 in
427 1005 494 1066 cibo
507 1005 609 1068 levior.
636 1024 704 1068 nam
725 1005 857 1067 detracta
871 1013 940 1068 cute
954 1025 989 1068 ae
1007 1010 1120 1070 semine

126 1079 196 1144 ²⁰2⁶·
215 1094 330 1157 abiecto
344 1096 410 1157 esui
428 1093 514 1156 datus
532 1094 676 1156 stomachi
694 1088 856 1174 compescit
870 1095 1006 1177 ardores,
1023 1096 1120 1158 alvum

214 1185 321 1265 leniter
337 1183 441 1251 mollit.
478 1190 582 1245 coctus
602 1201 640 1244 ex
657 1201 733 1263 aqua
755 1200 825 1244 cum
843 1181 908 1244 oleo
929 1191 1014 1246 aceto
1033 1184 1120 1246 melle

213 1273 426 1335 iucundissime
449 1273 585 1334 sumitur.
618 1289 688 1332 earo
706 1273 772 1332 eius
794 1273 923 1351 inposita
945 1273 1039 1334 fronti
1060 1273 1162 1354 gia-1⁰

130 1423 132 1427 ⁴
213 1369 315 1423 rantes
337 1360 493 1422 oculorum
515 1361 644 1440 epiloras
666 1361 744 1421 miro
762 1358 850 1421 modo
873 1362 996 1440 mitigat.
1020 1360 1120 1424 ulcera

212 1452 244 1511 in
268 1447 389 1510 modum
411 1449 468 1510 lari
492 1456 645 1531 concreta,
674 1465 750 1527 quae
774 1449 853 1509 ceria
876 1446 982 1510 Graeci
1003 1459 1121 1530 vocant,

213 1539 283 1600 trita
310 1536 409 1598 radice
440 1534 601 1615 pelluntur.
647 1535 833 1616 adsignatum
860 1539 966 1598 cortici
993 1539 1059 1599 eius
1086 1533 1135 1601 ni

212 1624 342 1686 maculas
361 1643 397 1686 ex
420 1625 494 1686 facie
513 1626 577 1685 sine
594 1626 671 1704 signi
688 1625 813 1704 vestigio
836 1624 979 1687 detrahat.
1016 1642 1121 1689 semen

211 1715 243 1774 in
265 1706 419 1799 puluerem
441 1730 561 1774 versum
583 1713 773 1801 lomentoque
794 1715 977 1800 permixtum
1000 1713 1160 1776 niuno-1⁵

211 1816 281 1863 rem·
298 1803 417 1863 leminis
440 1810 540 1864 cutem
561 1808 700 1893 praestat.

138 1970 193 2036 (64)
297 1960 382 2017 Eruce
408 1959 519 2017 calidam
546 1962 675 2017 virtutem
702 1961 781 2018 habet
812 1968 842 2018 et
868 1961 1031 2027 causticam,
1062 1978 1119 2021 nou

212 2051 301 2101 tamen
321 2045 433 2101 nimium
452 2051 577 2102 austerae
597 2047 753 2120 igniteeque
774 2045 880 2102 virtutis
901 2054 954 2104 eat.
991 2062 1120 2105 venerem

212 2130 324 2186 maxime
345 2129 517 2186 stimulat-in
538 2127 600 2187 cibo
622 2138 746 2205 sumpte,
767 2129 936 2205 digestiones
958 2129 1039 2203 iacit,
1062 2132 1119 2188 nri-

211 2229 273 2270 nam
296 2221 396 2271 movet.
431 2229 524 2270 semen
552 2215 609 2271 eius
638 2215 733 2271 tritum
754 2231 817 2272 cum
843 2215 936 2289 pipere
965 2223 1062 2290 potum
1085 2223 1160 2272 exto

212 2299 274 2354 vino
297 2313 421 2354 venerem
443 2305 543 2354 movet.

585 2381 745 2390 ——0—

137 2447 192 2515 (50)
295 2433 368 2509 Pepo
384 2442 426 2493 eet
448 2435 560 2493 nimium
575 2434 708 2511 frigidus,
731 2432 840 2492 dillicile
855 2435 1121 2513 digeritur'propter

212 2518 361 2576 naturalem
384 2519 512 2594 rigorem.
549 2517 611 2577 ideo
634 2519 758 2576 nonnulli
775 2536 837 2577 enm
858 2527 937 2578 aceto
951 2530 1120 2579 consumunt

212 2609 240 2658 et
261 2601 429 2676 cumulique
444 2601 550 2677 calido,
572 2608 605 2660 ut
624 2619 708 2678 cepae
722 2612 769 2660 aut
784 2603 920 2678 puleium,
942 2605 1119 2679 permiscent.

213 2703 306 2744 carnes
321 2688 379 2744 eius
395 2687 537 2745 oculorum
552 2686 688 2746 terrorem
702 2687 814 2745 tollunt.
843 2704 936 2746 semen
948 2691 1010 2747 eine
1023 2690 1119 2747 tritum
1133 2698 1159 2741 as

212 2786 273 2826 cum
288 2773 350 2827 vino
366 2781 461 2846 potum
484 2773 579 2829 canino
593 2773 699 2828 morsui
720 2771 855 2831 subvenit.
884 2773 1031 2848 mingitur,
1054 2789 1120 2849 epe·

211 2855 282 2910 ritur
304 2863 332 2910 et
353 2854 437 2911 intlat.
1104 2870 1112 2877 ‘

176 3019 415 3089 netzonvsp
439 3020 502 3089 (tire.
520 3022 595 3087 mai,
625 3022 691 3076 min.
710 3022 753 3091 ir,
780 3022 886 3092 praecis
904 3021 940 3092 b).
1005 3024 1048 3080 tte.
1076 3022 1119 3078 De

104 3092 213 3147 melone
231 3091 258 3147 ci.
313 3094 329 3146 5
349 3093 463 3146 sumunt
480 3092 510 3147 ei
527 3109 553 3162 p.
572 3092 613 3147 ld.
630 3093 635 3160 Ι
650 3092 776 3162 puleium
792 3093 907 3163 pid(r):
926 3092 1074 3164 pulegium
1091 3095 1118 3148 b.

140 3169 253 3218 inem:
276 3178 333 3218 non
351 3163 378 3218 d.
432 3161 688 3232 fleompeecit·'om.
706 3164 755 3231 eit
776 3168 805 3218 et
822 3163 919 3219 ulrum
935 3164 962 3219 d.
1017 3169 1120 3220 ioum

104 3234 302 3290 aceioeioleo.
318 3237 323 3304 i
340 3233 416 3304 (eid)
429 3233 514 3289 melle
527 3234 569 3290 id.
607 3234 847 3291 loiooundissime
859 3235 923 3305 yid.
939 3236 945 3302 Ι
961 3234 1119 3306 plorantem

103 3305 144 3360 aie
160 3319 252 3388 eunuc
268 3305 342 3374 (font
356 3305 532 3389 glureeniee).
580 3309 613 3360 12
631 3305 724 3360 therie
736 3307 793 3388 pei..
809 3304 905 3361 cherin
917 3306 949 3360 ir
963 3308 1082 3388 μηρία).

92 3378 139 3505 ii
158 3376 1120 3520 temeti*1tt¹t¹t⁹ttq⁰tttei.tttitttt·..⁰t2tf

78 3504 248 3568 Nomento.-
265 3517 362 3575 setim
378 3519 437 3593 Pu,
454 3514 571 3593 ἀλεύρῳ
586 3518 679 3576 Dioee.
713 3523 749 3574 tt
759 3536 790 3576 n.
800 3520 894 3574 cutem
905 3517 1020 3575 leminis
1033 3538 1061 3590 p.
1075 3521 1118 3575 iti.
