2416 3900
536 178 777 241 -172-

256 350 286 403 ct
300 343 509 403 suffocationes
528 359 565 401 ex
578 342 702 400 matrice
720 339 875 419 praeclusa
890 338 1051 398 efficaciter
1066 337 1161 398 solvit.

256 449 325 491 cnm
352 430 439 491 melle
467 432 572 490 tritum
593 431 764 500 *carceratis
791 425 965 488 vulneribus
996 427 1160 505 inponitur.

183 550 227 603 Pi.
322 560 499 616 XXXIHI.
531 560 580 616 De
601 573 702 628 napo.

158 627 245 689 ‘²⁰¹⁸'
322 637 389 721 Non
407 679 495 721 unam
515 659 697 739 eandemque
712 663 853 720 virtutem
873 661 905 719 in
923 656 1062 718 omnibus
1077 659 1161 737 napis

256 756 377 828 experta
409 748 554 810 medicina
586 756 640 809 est.
686 749 742 811 hoc
779 751 859 809 enim
893 745 972 826 quod
1010 744 1161 826 angulosis

256 837 394 897 loliorum
431 835 564 898 caulibus
597 837 632 898 ad
669 836 769 897 anethi
805 835 1029 897 similitudinem
1064 833 1186 915 doreti

255 927 369 986 vesicae
383 925 528 986 laboranti
545 928 677 1005 itemque
697 925 886 987 cessantibus
895 925 1059 986 menstruis
1078 923 1161 984 lemi-

255 1032 361 1075 narum
393 1014 549 1075 decoctum
582 1034 617 1075 ex
650 1032 724 1093 aqua
758 1014 851 1075 mulsa
882 1014 953 1074 utile
982 1013 1160 1073 existimant.

255 1120 309 1181 per
338 1120 412 1181 quae
440 1121 500 1163 non
532 1103 621 1163 dubie
655 1102 823 1164 ostenditur
855 1102 978 1163 calidam
1005 1099 1160 1180 possidere

251 1193 404 1253 ..virtutem
445 1210 546 1252 semen
570 1209 690 1270 quoque
713 1194 778 1252 eius
808 1199 920 1253 tostum
943 1197 1031 1269 atque
1054 1191 1160 1250 tritum

255 1278 417 1341 bibendum
440 1299 476 1340 ex
499 1298 591 1359 aquae
616 1280 725 1341 calidae
749 1280 862 1361 cyathis
890 1285 1031 1358 quattuor
1054 1277 1195 1358 cyson-1⁰

254 1370 356 1429 tcricis
380 1368 567 1449 obtulerunt,
591 1369 643 1428 sed
663 1372 780 1430 urinam
802 1368 920 1429 videtur
942 1365 1079 1427 inhibere
1103 1368 1160 1427 nisi

255 1457 297 1517 illi
323 1476 379 1537 pro
408 1457 494 1517 modo
523 1457 575 1518 lini
603 1475 704 1518 semen
737 1457 869 1518 addatur.
911 1455 1038 1516 alterum
1066 1472 1160 1533 genus

254 1554 300 1606 est
324 1546 403 1624 quod
427 1545 520 1606 simile
543 1547 646 1606 raiano
665 1564 699 1607 ac
719 1565 791 1626 rapo
813 1545 943 1626 videtur,
965 1542 1160 1605 laudatissimi

254 1636 375 1693 seminis
395 1643 425 1694 et
443 1642 546 1694 contra
564 1653 677 1695 venena
698 1635 860 1695 fortissimi.
888 1632 926 1693 ob
945 1633 1021 1692 hanc
1041 1649 1159 1693 causam

253 1724 365 1800 optima
387 1740 522 1802 quaeque
545 1722 675 1784 theriaca
700 1726 763 1783 sine
788 1741 822 1783 eo
846 1722 926 1783 nulla
949 1721 1116 1781 coniicitur.
1172 1727 1194 1768 1⁵

171 1908 226 1974 (39)
318 1900 473 1958 Pastinacae
495 1904 537 1958 eis
560 1900 645 1957 calida
667 1910 694 1957 et
716 1908 838 1971 austera,
861 1900 888 1956 in
910 1900 999 1956 radice
1022 1907 1050 1956 et
1073 1897 1102 1954 in
1117 1914 1158 1954 se·

255 1985 325 2041 mine
348 1986 495 2042 constituta
510 1993 560 2040 est.
590 1984 666 2040 radis
688 1986 746 2040 eins
768 1985 795 2040 in
818 1985 905 2041 mulsa
928 1990 1005 2041 cocta
1028 1985 1108 2039 datur
1122 1985 1161 2039 ad

253 2070 377 2126 iocineris
394 2077 421 2126 et
442 2069 537 2139 lienis,
562 2085 657 2124 renum
672 2078 700 2125 et
722 2067 876 2125 lumborum
892 2067 1011 2125 dolores.
1049 2069 1078 2123 in
1100 2065 1158 2124 cibo

253 2155 361 2226 saepius
389 2161 497 2228 sumpta
520 2169 645 2208 venerem
673 2153 802 2209 stimulat.
840 2170 932 2209 semen
960 2153 1019 2208 eius
1042 2152 1159 2207 euvino

254 2239 346 2294 tritum
358 2247 495 2294 menstrua
510 2244 651 2312 provocat,
667 2246 695 2293 et
709 2239 849 2293 matricum
866 2237 1059 2293 sullbcationes
1075 2244 1159 2292 sanat.
1173 2241 1197 2282 2⁰

173 2383 228 2450 (40)
317 2374 384 2447 Napi
407 2374 560 2431 calidissimi
582 2383 646 2430 sunt
661 2382 689 2430 et
709 2373 872 2430 conturbant
894 2390 1005 2448 corpus.
1038 2389 1094 2428 non
1116 2371 1162 2428 de·

253 2458 405 2530 ducuntur,
427 2458 475 2513 sed
496 2460 664 2532 miuguntur.
702 2459 775 2514 tritis
797 2475 859 2515 cum
880 2458 959 2514 melle
982 2457 1161 2531 dysentericis

252 2543 413 2616 cataplasma
428 2542 582 2599 umbilicum
600 2551 628 2598 et
642 2558 732 2598 renes.
766 2560 858 2598 semen
874 2544 931 2598 eius
947 2551 1043 2599 contra
1059 2556 1161 2596 venena

252 2634 346 2700 potum
369 2627 457 2683 datur.
496 2627 604 2684 euvino
627 2627 750 2683 similiter
772 2636 866 2701 potum
889 2628 993 2684 urinam
1016 2633 1117 2682 movet.

167 2795 408 2873 '‘ipraeeluse:
428 2811 485 2849 -sas
503 2796 632 2878 poliri).
688 2796 753 2849 Set
771 2793 887 2848 eandem
907 2795 948 2848 ld.
1004 2796 1085 2876 ineat
1101 2811 1159 2849 me·

146 2862 239 2944 diemo
261 2856 309 2919 rb.
334 2868 338 2930 Ι
365 2865 419 2918 hoc
433 2867 526 2947 pald:
554 2867 584 2949 id
607 2866 643 2920 rb
667 2866 712 2932 (ee.
731 2866 838 2936 genus).
903 2865 1043 2947 {anethi
1060 2867 1160 2933 yo(b):

146 2934 222 2988 cneii
240 2934 281 2987 ld.
299 2936 303 3001 Ι
318 2934 400 2989 floret
418 2936 630 2991 s1m1l1ind1nem
649 2939 694 2991 rb.
754 2942 770 2991 8
789 2952 843 3008 que
861 2952 892 3005 9,
914 2953 932 3003 q
955 2951 985 3004 o,
1010 2937 1088 3004 qnod
1110 2939 1160 3007 (cp)

145 3034 180 3086 rb
191 3032 231 3100 (l).
300 3037 334 3085 1o
352 3048 426 3100 aqua
445 3031 537 3087 calida
556 3032 662 3103 eoyatis
680 3035 812 3103 quattuor
828 3050 858 3102 p,
887 3015 925 3102 nil
948 3032 1158 3103 calidaecyaiis.

145 3124 196 3183 mr.
216 3120 247 3169 o,
265 3119 339 3171 aqua
357 3103 450 3157 calida
467 3102 557 3172 cyaiis
575 3125 627 3158 1111.
642 3104 748 3171 (ciniis.
767 3125 808 3159 111.
827 3106 856 3174 d)
876 3104 916 3159 td.
934 3106 938 3172 Ι
955 3103 1159 3174 ἀ]εθη(1ιιυ)1θ·

144 3174 208 3296 luzis
224 3174 381 3300 tphopissebrp-
400 3176 423 3278 lp
445 3174 573 3229 dison-d
603 3174 713 3242 (dissin-
736 3194 764 3244 r,
788 3176 902 3260 dyssen·
922 3177 958 3244 b).
1024 3180 1057 3229 11
1078 3179 1158 3245 opin-

143 3262 244 3369 tigslffiii
265 3333 283 3385 9
302 3247 626 3387 (pud-aggkeimffzlppf
642 3247 874 3372 {aaliisbigiqdllffih
891 3248 944 3372 Ἥ
966 3246 1159 3372 1.ἐὲωὲιῖῐῖῗῖ

144 3389 264 3466 (propter
286 3387 500 3469 dittoprapbiam
517 3389 549 3442 in
566 3406 595 3457 r,
617 3389 667 3442 nbi
684 3389 736 3444 sic:
764 3389 804 3457 ‚,1.
824 3389 938 3444 neminis
962 3390 993 3444 et
1010 3405 1033 3444 c.
1053 3408 1080 3444 r.
1103 3389 1158 3443 lor·

139 3458 241 3508 tissimi
250 3473 374 3513 sommis.
390 3463 419 3514 et
429 3458 840 3528 contravenenaforcissimir).
857 3462 861 3528 Ι
878 3460 914 3514 ob
924 3461 997 3516 hanc
1007 3465 1055 3516 etc.
1070 3477 1121 3515 orn.
1132 3460 1158 3515 d.

123 3518 138 3583 s
148 3519 225 3574 hane
240 3528 314 3592 θυῖε
335 3547 424 3599 qnom
444 3532 489 3589 rb.
534 3536 567 3587 ib
583 3547 694 3600 qnoque
706 3547 730 3584 r.
744 3531 844 3596 inulla
857 3547 906 3600 qo:
925 3547 976 3587 om.
997 3531 1019 3600 l,
1038 3548 1095 3587 non
1114 3531 1158 3586 rb.
