2416 3900
436 166 678 272 -neſs-

172 368 194 421 L
224 367 269 420 Ad
287 369 425 422 tumorem
443 365 548 434 pedum
594 377 597 382 ·

159 439 196 492 LI
224 437 270 493 Ad
288 446 434 507 permones

149 510 201 564 LII
228 509 271 564 Ad
290 507 466 576 interdigitia

134 582 198 636 LIII
225 581 269 634 Ad
287 579 421 648 paronitii
438 579 563 633 dolorem

119 651 197 707 LIIII
222 651 269 706 Ad
287 650 455 720 ungularum
473 649 598 705 dolorem

148 723 198 777 LV
225 721 271 776 Ad
289 719 413 790 corporis
431 721 623 776 salubritatem

132 794 196 848 LVI
224 793 269 847 Ad
287 793 417 862 lythenas

121 864 197 919 LVII
223 865 269 918 Ad
287 863 495 933 elephantiasin

109 935 199 989 LVIII
225 935 272 989 Ad
289 935 418 990 morbum
436 933 611 989 comicialem

136 1006 200 1060 LIX
227 1006 272 1060 Ad
290 1006 419 1060 morbum
437 1005 545 1075 regium
598 1012 603 1021 ’

149 1077 199 1131 LX
226 1077 271 1131 Ad
289 1077 425 1146 yctericos

392 1249 509 1319 capua
531 1247 611 1303 ueri
634 1247 738 1303 aaran.

187 1365 200 1416 Ι
227 1361 273 1415 Ad
290 1361 382 1416 febres
401 1360 506 1415 calidas
523 1357 731 1415 intercidendae
801 1406 805 1413 .

172 1434 198 1488 II
225 1431 270 1486 Ad
288 1431 468 1502 emytriteum

159 1505 198 1557 ΙΠ
226 1503 271 1557 Ad
289 1502 382 1557 febres
400 1501 557 1572 periodicas

145 1575 200 1628 1111
226 1574 271 1627 Ad
290 1571 468 1642 quotidianae

172 1644 198 1699 V
226 1644 271 1697 Ad
288 1643 425 1698 tertianas

160 1715 200 1769 VI
226 1715 271 1769 Ad
290 1718 440 1796 quartanas
516 1755 529 1773 .

159 1859 199 1912 111

159 1929 198 1982 IX

173 2000 199 2052 X

148 1786 201 1841 VH
228 1784 273 1838 Ad
291 1784 456 1857 hthargicos

132 1858 158 1912 V
226 1857 271 1910 nd
291 1873 418 1911 somnum
435 1855 645 1926 provocandum

225 1927 270 1980 Ad
288 1927 436 1982 freneticos

226 1998 271 2051 Ad
289 1997 462 2066 epylenticos

160 2069 200 2122 XI
227 2068 272 2121 Ad
291 2067 433 2123 cardiaces

149 2138 202 2192 XII
228 2138 274 2192 Ad
292 2138 426 2209 hydropis
444 2138 558 2193 initium

134 2209 200 2264 XIII
226 2210 272 2264 Ad
291 2210 461 2280 paralyticos

120 2281 200 2335 XIIII
226 2281 272 2334 Ad
290 2280 445 2351 podagram

148 2352 201 2406 XV
227 2351 273 2405 Ad
290 2364 390 2406 nervos
408 2353 438 2407 et
455 2351 588 2406 articulos
607 2354 636 2406 et
654 2350 800 2418 artidricos

135 2423 201 2477 XVI
227 2421 273 2476 Ad
291 2421 437 2491 syderatos

119 2493 199 2547 XVII
226 2492 271 2546 Ad
289 2491 407 2548 vulnera

107 2562 200 2617 XVIII
228 2562 259 2617 Si
277 2562 339 2634 quis
357 2563 417 2618 ictu
434 2582 561 2635 pugnum
579 2563 626 2619 rel
644 2582 758 2620 manum
777 2563 890 2619 laeserit

136 2634 202 2687 XIX
228 2633 274 2687 Ad
291 2633 444 2690 fracturam
462 2650 510 2689 seu
528 2635 674 2705 rupturam
692 2634 775 2705 pellis

147 2704 200 2757 XX
227 2705 272 2759 Ad
290 2705 408 2760 vulnera

136 2774 202 2828 XXI
228 2776 273 2829 Ad
291 2771 456 2849 sanguinem
473 2793 508 2831 ex
526 2777 686 2832 vulneribus
705 2776 860 2832 sistendum
914 2806 916 2812 ·

121 2845 202 2899 XXII
227 2846 384 2902 Adultera
407 2850 436 2902 et
452 2864 560 2904 vermes
583 2849 695 2904 innatos
713 2848 760 2904 vel
781 2848 818 2902 ad
842 2864 940 2903 nomas
959 2848 1018 2902 siue
1037 2848 1067 2901 ai

228 2916 337 2971 fistulas
355 2917 480 2972 ulcerum

111 2986 203 3042 XXIII
231 2987 276 3042 Ad
294 2989 469 3057 apostemata
485 2987 621 3044 interiora

96 3057 202 3113 XXIIII
228 3058 273 3112 Ad
292 3056 386 3113 omnia
404 3059 542 3114 exteriora
559 3062 735 3130 apostemata
752 3059 799 3115 vel
816 3062 940 3114 tumores

124 3129 203 3184 XXV
229 3129 275 3183 Ad
294 3129 472 3184 collectiones
491 3131 537 3185 vel
554 3133 677 3186 tumores

165 3200 203 3255 VI
231 3200 275 3254 Ad
293 3200 424 3269 styrosim
442 3201 548 3257 ventris
566 3200 612 3257 vel
631 3201 769 3257 stomachi

95 3272 121 3325 X
147 3271 200 3325 VII
227 3271 272 3325 Ad
289 3271 435 3341 paniculae

82 3341 200 3395 XXVIII
226 3342 272 3396 Ad
290 3344 401 3412 cyratas
419 3343 494 3413 quod
514 3345 579 3397 sunt
596 3343 757 3412 glandiolae
850 3368 858 3381 ·

109 3410 201 3465 XXIX
228 3413 273 3467 Ad
291 3415 410 3468 saumas

111 3479 197 3534 XXX
222 3482 270 3538 Ad
289 3484 492 3540 carbunculum
584 3513 588 3523 ι

38 3554 47 3565 ⁴
90 3545 189 3601 XXXI
215 3552 266 3607 Ad
283 3556 428 3627 papulam
446 3554 563 3613 noxiam
