2416 3900
527 152 746 215 -32..

397 333 489 375 unum
518 315 604 374 tritae
632 315 664 373 in
691 332 784 392 aquae
812 314 923 375 mulsae
951 314 1070 375 hemina
1093 322 1145 375 aut

398 405 473 463 aceti
491 402 577 462 melle
596 401 694 462 addito
714 402 922 482 decoquuntur
937 402 1031 463 donec
1050 403 1143 464 lente-

398 499 460 552 scat
477 498 574 551 totum
593 491 670 568 quod
691 494 843 572 coquitur,
862 499 892 552 et
910 493 953 552 sic
971 493 1143 571 imponitur.

283 592 369 653 2633.
397 579 542 659 hysopum
566 597 635 639 cum
658 581 725 639 vino
756 580 911 641 decoctum
934 582 1143 659 gargarizatur.

297 672 333 728 ib.
396 669 602 748 peucedanum
612 687 680 729 oum
693 669 814 748 coagulo
825 669 909 729 vituli
918 671 1025 729 marini
1038 672 1143 749 aequis
1158 678 1171 722 ⁵

284 769 369 831 24‚24.
396 756 579 835 ponderibus
597 757 740 817 inlinitur.
774 765 864 819 sucus
884 758 920 818 de
939 758 1143 837 quinquefolio

397 846 528 925 pondere
562 845 675 906 denarii
707 865 743 907 ex
776 865 868 925 aquae
901 846 1014 926 cyathis
1045 847 1153 908 tribus·

264 944 369 1008 aeneo.
397 936 481 1012 potui
500 934 595 995 datur.
628 934 667 994 iel
686 937 836 995 taurinum
854 935 900 995 vel
919 937 1075 1014 caprinum
1093 943 1144 996 aut

282 1033 370 1097 28,43.
398 1025 534 1083 ursinum
557 1042 626 1083 oum
644 1023 730 1082 melle
753 1024 896 1084 inlinitur.
932 1025 1026 1102 ipsius
1048 1024 1142 1085 homi·

334 1116 343 1126 ”
397 1113 443 1171 nis
475 1129 661 1190 quacumque
694 1130 746 1171 cx·
765 1120 849 1192 parte
882 1115 1002 1191 sanguis
1033 1115 1143 1173 missus
1159 1124 1183 1164 10

396 1199 531 1260 inlinitur
559 1200 762 1261 efficacissime
785 1199 916 1279 prodest.
963 1270 967 1279 ¹

462 1398 587 1455 xvm.
610 1399 760 1455 Liohoni.
875 1390 877 1396 ⁴

300 1529 370 1592 263.
404 1582 407 1591 1
464 1517 576 1579 Graeco
587 1520 705 1578 nomine
717 1518 848 1578 lichenes
858 1518 1050 1599 appellantur,
1062 1519 1143 1596 quod

397 1606 484 1684 vulgo
517 1613 699 1684 mentagram
731 1606 879 1686 appellant
911 1609 1029 1688 vitium,
1062 1607 1143 1685 quod

397 1696 540 1754 acerrime
568 1713 623 1774 per
655 1701 746 1755 totam
776 1695 882 1755 faciem
914 1695 989 1755 solet
1021 1692 1142 1774 §erpere

396 1782 490 1842 oculis
513 1790 627 1843 tantmn
656 1782 845 1844 immunibus.
882 1782 1036 1844 descendit
1059 1790 1089 1843 et
1111 1785 1186 1844 in1⁵

396 1871 505 1931 collum
520 1874 594 1932 etin
612 1878 718 1950 pectus
732 1889 910 1951 manusque,
929 1870 1027 1931 loedat
1042 1878 1143 1931 cutem

301 1969 370 2030 234.
398 1959 523 2019 lurlure.
541 1994 543 1999 ·
559 1959 684 2021 Manlius
708 1958 857 2020 Cornutus
879 1965 999 2036 praetor
1022 1962 1141 2037 provin·

398 2049 460 2107 ciae
488 2049 670 2125 aquitanicae
702 2047 816 2128 legatus
844 2041 936 2127 <Hs>
965 2059 1008 2107 cc
1032 2050 1063 2107 in
1086 2047 1143 2108 hoc

397 2135 500 2198 morbo
523 2136 630 2197 locavit
652 2156 684 2196 se
708 2135 879 2197 curandum.

436 2223 516 2298 ‘Huic
549 2244 619 2304 ergo
652 2227 722 2285 vitio
752 2228 802 2286 'sic
839 2231 984 2285 conantur
1019 2224 1141 2284 mederi.
1157 2234 1186 2276 2⁰

203 2395 297 2450 ruiti
315 2395 341 2448 d.
367 2396 370 2462 Ι
400 2394 508 2448 himina
525 2411 554 2464 q,
584 2393 676 2448 emina
694 2395 720 2449 d.
793 2393 903 2460 3sicq
927 2396 974 2463 (r):
1003 2393 1070 2449 sid.

129 2466 230 2520 ovino
248 2467 290 2534 qd
313 2466 347 2534 (r,
367 2464 435 2534 Pl.):
459 2465 590 2521 licoat.
611 2465 656 2518 Pl.
729 2468 745 2517 5
769 2464 954 2532 peuoidanum
971 2465 1021 2534 qd.
1046 2466 1050 2532 1
1075 2479 1142 2533 qua

130 2537 196 2606 gulo
207 2552 241 2660 X.
295 2542 411 2618 fisurus
430 2535 465 2590 de
483 2555 509 2605 q.
527 2536 569 2618 qd
588 2536 638 2607 (sic
656 2536 737 2618 etiarn
756 2534 822 2618 Id).
878 2536 1048 2617 tpondere:
1075 2552 1142 2604 pon·

86 2661 88 2664 .
130 2607 181 2661 dus
227 2622 314 2661 enam
331 2608 372 2676 qd
400 2608 460 2674 (om.
481 2606 536 2675 Pe,
554 2611 618 2660 atem
635 2623 659 2674 r,
682 2606 731 2660 ebo
749 2621 800 2659 ere:
830 2623 943 2660 succum
965 2606 1034 2660 ilem
1056 2604 1142 2659 herbe

129 2676 316 2746 quinquefolii
330 2676 453 2746 cyathos.
475 2698 515 2731 111.
539 2676 716 2746 gargarizes).
738 2678 742 2745 Ι
762 2693 863 2745 aquae:
883 2693 958 2747 aqua
970 2678 1012 2745 qd
1027 2675 1143 2745 (duplici

130 2749 250 2803 ablativo
268 2753 300 2802 ot
317 2749 426 2816 saepius
444 2749 475 2816 d,
494 2748 529 2814 cs.
549 2753 594 2816 2,4
612 2753 637 2802 et
653 2748 735 2803 morri.
755 2753 896 2818 1,7.10.24.
916 2752 1020 2814 33332
1040 2749 1107 2815 θύα).

130 2818 291 2902 bursinum
310 2836 359 2902 om.
377 2819 421 2875 Pl.
442 2819 486 2887 (cf.
501 2819 780 2901 supro-anserinum).
836 2824 869 2900 ¹.⁰
884 2833 1048 2900 quacunque
1062 2818 1143 2887 parta

128 2907 247 3017 llll
260 2902 382 3015 ituit
395 2891 461 3014 lla
480 2893 544 3014 dl
558 2889 821 3029 lubibria*
846 2887 1144 3028 abbatiani

130 3030 135 3104 Ι
151 2979 234 3088 boeot
252 3034 297 3101 (so.
315 2979 427 3110 ababli)
445 3047 468 3087 r.
519 3036 553 3085 16
568 2978 656 3085 ‘narb
673 3032 702 3085 ei
719 3032 812 3085 cutem
823 3031 853 3088 d.
904 3036 936 3084 17
956 3027 1077 3084 Manlius
1090 3028 1143 3098 qbr

129 3138 261 3193 uranus
281 3139 326 3192 Pr.
409 3135 689 3206 1saquaanieae9=
718 3136 774 3191 -nie
793 3137 841 3190 oo.
872 3122 940 3203 1’0‘0
967 3153 997 3204 ρ,
1030 3154 1061 3189 00
1089 3135 1142 3188 aa:

129 3229 170 3263 us.
189 3230 220 3263 ec
241 3210 286 3266 Pl.
311 3212 456 3276 corruptus
474 3209 535 3277 (out
553 3208 622 3261 male
641 3208 723 3261 lectur
741 3208 775 3262 ab
795 3208 905 3275 editore)
927 3207 1018 3261 More.
1037 3222 1066 3273 p.
1078 3210 1141 3259 129:

53 3307 56 3311 ,
130 3296 196 3334 nam
207 3279 328 3334 Soranus
342 3277 466 3333 medicus
481 3279 563 3346 (unde
575 3277 669 3346 ticet)
688 3277 828 3347 quondam
842 3276 971 3332 ducentis
980 3275 1142 3331 hominibus

130 3349 194 3421 (pro
208 3348 284 3419 Har)
312 3351 365 3405 hoo
392 3350 488 3404 morbo
511 3349 704 3404 laborantibus
728 3347 856 3403 curandis
880 3349 909 3418 (l)
937 3348 966 3402 in
989 3346 1144 3416 Aquitania

130 3435 159 3473 aa
177 3418 291 3476 locarit.
320 3425 405 3475 totum
418 3422 491 3475 boue
509 3422 596 3475 locum
610 3421 701 3475 ambit
717 3438 741 3475 r.
812 3426 845 3474 13
864 3436 893 3474 se
913 3418 1019 3473 locavit
1036 3435 1060 3474 o.
1079 3418 1107 3472 d.

129 3496 164 3543 20
183 3489 255 3544 Huic
264 3507 330 3559 ergo
345 3489 415 3546 vitio
428 3492 479 3560 qb:
500 3491 620 3557 Quidam
637 3491 702 3546 huic
721 3490 790 3546 vitio
808 3492 836 3547 d.
