2416 3900
456 156 696 223 —145-

66 324 199 402 ingostac
218 315 381 382 resolvunt.
411 322 521 401 optimc
539 321 603 382 illas
622 321 810 383 stomachicis
831 323 895 384 dari
913 341 973 384 non
987 317 1078 376 Diosc-

65 409 142 471 lotas
158 408 349 471 llloscoridos
368 407 511 471 adfirmat.
547 411 634 472 tritae
654 428 721 470 cum
740 410 799 471 salo
820 410 974 473 combusta
983 394 1068 458 2164.

64 504 184 580 sanant,
212 499 239 558 si
261 504 330 558 ante
353 497 496 577 pnstcllns
525 497 696 561 inlinantur.
732 500 832 578 ignem
855 518 973 580 quoque

65 604 184 649 sacrum
206 586 310 648 eadem
329 588 444 647 ratione
463 595 665 666 compescunt.
702 597 802 648 coctae
825 590 857 649 in
874 592 975 668 patina

40 674 252 754 saliorumqne
274 671 413 736 holerum
432 693 515 735 more
539 675 656 736 condita
679 675 798 737 cholera
815 677 973 739 laboranti·

65 762 121 825 hus
147 762 307 824 utilissime
336 764 511 824 offeruntur.
562 765 682 844 quidam
708 783 758 825 eas
786 764 822 825 ad
850 767 974 827 eandem

66 869 186 913 cansam
210 869 280 913 cnm
302 850 377 913 lactc
403 861 557 913 coxerunt.

129 999 209 1055 m.
240 1000 290 1055 De
311 997 430 1054 intibo.
984 991 1077 1046 Dione.

131 1098 240 1160 Satiris
257 1097 361 1160 intihis
379 1100 506 1178 styptica
524 1109 558 1160 ut
576 1086 684 1160 modici
702 1102 785 1161 aiunt
804 1111 834 1161 ct
853 1067 1068 1187 auctorali?

65 1196 170 1251 natura
202 1194 257 1248 est.
302 1186 370 1247 ideo
397 1193 428 1248 ct
455 1187 606 1248 stomacho
639 1185 859 1250 adcommodata
892 1199 971 1272 sunt,
985 1209 1063 1273 nona

29 1284 95 1339 1⁰et
116 1282 253 1337 ventrem
275 1278 462 1355 restringunt
484 1284 567 1337 cocta
590 1278 715 1337 marimo
744 1285 774 1338 ct
795 1295 864 1338 cum
888 1287 971 1340 aceto
989 1279 1015 1328 et
1032 1281 1076 1331 32·

64 1364 140 1426 data
176 1371 207 1425 ct
233 1362 364 1425 thoracis
392 1362 513 1424 ardores
541 1372 571 1425 et
598 1363 752 1426 oculorum
780 1367 908 1445 epiioras
940 1376 971 1429 et

62 1452 209 1535 podagras
227 1470 296 1514 cum
309 1451 428 1532 polenta
447 1454 556 1532 optimc
576 1452 699 1514 leniunt.
719 1452 861 1515 cardiacis
880 1473 971 1535 super

63 1543 215 1603 sinistram
228 1538 365 1621 papillam
380 1559 416 1602 cx
430 1547 514 1602 aceto
532 1543 659 1620 inposita
677 1542 821 1621 prodesse
841 1545 970 1605 certissi-

63 1648 145 1691 mum
172 1636 242 1691 cst:
265 1627 348 1690 radix
375 1631 446 1690 tritu
478 1632 668 1709 scorpionum
700 1631 792 1712 plagis
824 1632 970 1715 medetur,

28 1730 50 1771 1⁵
62 1720 146 1799 ignes
169 1736 272 1779 sacros
298 1717 428 1801 adhibita
446 1736 514 1778 cnm
532 1717 651 1797 polenta
674 1718 764 1798 lugat.
792 1739 882 1781 sucus
901 1740 970 1783 cum

62 1806 146 1868 aceto
165 1824 200 1867 ac
218 1823 341 1867 rosaceo
359 1808 469 1868 mixtus
492 1808 597 1886 cupitis
616 1805 734 1867 dolores
751 1807 875 1888 relevat,
898 1811 969 1870 ioci·

62 1896 143 1957 neris
175 1902 206 1956 ct
236 1896 352 1956 vesicae
378 1896 449 1957 vitia
481 1913 549 1956 curn
576 1896 643 1956 tino
670 1894 795 1956 haustus
823 1897 969 1958 emendat.

124 2088 258 2149 Lactucae
272 2096 369 2147 natura
384 2087 482 2165 frigida
495 2097 552 2162 est,
575 2103 630 2145 non
653 2096 742 2145 tamen
757 2091 830 2147 nonii
845 2092 966 2163 frigoris.
987 2097 1043 2165 (36)

55 2172 89 2230 'ln
103 2172 166 2233 elbo
181 2182 288 2249 sumpta
303 2172 413 2231 fastidio
428 2173 571 2248 languidos
591 2174 666 2229 iuvat
684 2175 760 2247 prius
776 2189 856 2247 qnam
871 2173 968 2230 haheat

26 2270 165 2316 nsncnm
200 2257 356 2316 inbecillum
377 2266 466 2315 nmen
486 2275 585 2333 corpus
600 2256 665 2314 lacit
687 2272 721 2314 cx
741 2262 827 2332 parto.
857 2259 967 2333 sangni-

61 2359 123 2401 nem
144 2342 273 2419 adquirit.
308 2342 377 2399 lacte
398 2341 544 2417 plurimum
566 2343 653 2398 nutrit
674 2342 789 2399 leminis.
820 2343 883 2399 trita
906 2358 967 2399 cum

60 2426 117 2485 sele
139 2425 290 2485 combustis
312 2426 446 2485 medetur.
477 2422 559 2504 [haec
581 2435 609 2483 et
630 2428 659 2482 in
680 2428 744 2482 viris
762 2428 864 2483 veneris
888 2443 966 2482 nsum

61 2504 195 2588 coercet]

131 2729 147 2777 1
166 2720 452 2792 optime—affirmat:
471 2721 511 2775 sic
527 2721 588 2790 pbr
609 2720 638 2788 (l.
658 2720 752 2791 didio
769 2719 900 2775 adfirmat
917 2737 947 2790 n,
966 2723 984 2777 1.
1000 2723 1072 2777 affir-

59 2794 140 2847 ment
155 2808 208 2848 orn.
227 2791 395 2848 dioscorides
414 2792 471 2861 rh),
495 2791 600 2861 optime
622 2791 687 2846 illes
709 2790 898 2847 dioschorides
917 2794 1072 2849 siomnticis

59 2878 115 2918 non
136 2862 212 2919 lotus
235 2863 296 2917 dari
319 2863 368 2917 din
389 2863 512 2917 affirmat
530 2864 547 2917 l.
568 2863 576 2932 l
597 2861 776 2917 stomachicis
799 2878 854 2932 pv,
883 2862 959 2918 dicis
978 2866 1036 2919 lrh.

60 2932 173 2989 write
195 2951 261 2988 cum
283 2935 366 2989 busto
388 2935 489 2988 sanant
506 2934 524 2988 l.
578 2939 594 2988 3
617 2932 771 2989 inlinantur
792 2949 842 3003 po:
870 2933 1035 2988 inliciantur
1053 2936 1071 2999 l,

58 3002 215 3059 illiniuntur
236 3005 282 3061 rb.
337 3012 354 3060 4
376 3021 484 3059 snorum
506 3021 557 3074 po:
581 3021 676 3060 acrum
694 3007 717 3073 l,
739 3021 788 3059 orn.
808 3005 854 3058 rh.
916 3006 958 3059 tit.
981 3003 1070 3059 intiho

60 3075 109 3143 (sic
123 3076 238 3145 mmor)
256 3076 322 3144 pol:
348 3075 448 3130 intubo
466 3076 510 3130 rh.
570 3074 789 3132 osanvis-est
802 3076 869 3144 pol:
898 3074 1010 3128 Sutivus
1029 3074 1070 3128 in-

58 3145 142 3202 tnbne
163 3144 297 3216 ruptione
312 3148 495 3202 ...austerae
517 3149 634 3204 naturae
656 3149 699 3202 est
716 3147 761 3201 rh.
824 3149 840 3197 9
860 3145 1071 3199 accommodata

58 3218 123 3271 suni
139 3218 207 3289 polz
232 3218 288 3273 -tus
307 3219 351 3273 esi
373 3219 408 3286 (et
424 3218 549 3273 similiter
566 3234 669 3286 suaper
689 3219 722 3271 in
739 3219 818 3285 seqq.)
837 3215 881 3268 rh.
941 3220 976 3269 10
994 3218 1027 3270 ut
1043 3233 1069 3272 v.

57 3287 136 3342 res‘
215 3289 264 3344 tt.
311 3295 345 3342 12
364 3304 514 3359 superpo:
533 3289 721 3358 suprarbd).
772 3292 805 3340 13
823 3284 1069 3355 pnllnml(mnm-

57 3374 133 3413 mum
192 3400 208 3429 η
227 3359 355 3414 mamilla
372 3360 456 3429 epit).
472 3365 477 3427 Ι
492 3358 638 3428 impositos
656 3374 680 3424 r,
700 3361 757 3412 tus
776 3358 799 3411 h.
816 3359 820 3425 l
836 3354 967 3426 prodesse
981 3372 1030 3411 om.
1046 3374 1068 3411 r.

55 3434 127 3555 hald
146 3431 438 3555 snproshrmaml.
494 3435 527 3483 16
546 3444 579 3484 ao
597 3430 662 3498 pol:
682 3429 774 3483 etrh.
829 3432 861 3480 17
880 3426 1003 3482 versione
1022 3428 1077 3499 ni

101 3601 411 3650 rrnrrrnnnrrsmonrotnn.
617 3600 626 3615 ⁶
903 3588 944 3638 W
