2416 3900
499 199 741 264 -143-

113 382 151 428 en
169 372 255 426 aoeto
270 369 371 424 coetae
386 369 416 422 et
430 363 575 442 inpositae
590 363 730 425 duritiam
743 364 830 425 lienis
848 365 1023 447 infringunt,

112 453 235 516 soabros
258 469 374 532 ungues
397 444 538 533 levigant,
566 448 667 513 rrloera
694 455 724 512 in
748 461 848 514 mento
872 456 1023 536 nascentia

112 545 304 624 extinguunt,
332 543 362 601 in
385 541 454 601 rino
478 549 579 602 coetae
607 548 638 601 et
664 543 811 620 inpositae
841 549 969 603 strumas
993 550 1023 603 et

110 631 263 714 parotidas
288 637 408 709 sanant,
439 632 636 709 gargarizatae
667 630 800 691 dotorem
828 631 962 692 dentium
990 639 1021 692 et
1034 624 1127 681 Diott·

85 733 187 783 turae
204 728 355 782 tumorem
373 719 521 800 mitigant,
543 726 631 799 potae
649 722 824 799 auruginem
844 728 1022 801 expugnant.
1032 701 1119 765 ²³4⁰·

79 850 83 856 -
112 809 233 890 qnidam
255 814 362 888 putant
389 808 484 886 ipsam
512 808 643 869 radicem
666 811 691 869 si
719 809 795 869 ooiio
823 809 1023 889 suspendatur
1055 806 1110 886 (op.

113 899 226 960 soroias
250 899 362 977 fugare.
1023 874 1129 943 Μὰ)

178 1045 291 1102 v1111.
323 1046 371 1100 De
393 1043 489 1099 blito.
890 1066 891 1069 ¹
1055 1053 1102 1108 Pt.

180 1144 367 1217 Quibusdam
394 1144 459 1205 bliti
483 1151 588 1205 natura
614 1147 696 1206 iners
720 1153 750 1206 et
773 1149 837 1206 sine
861 1150 1022 1208 acrimonia
1032 1129 1120 1192 20‚93.

111 1237 175 1296 risa
189 1243 245 1297 est.
281 1241 417 1295 ventrem
431 1252 527 1314 usque
542 1233 578 1294 ad
597 1233 746 1311 choleram
759 1233 937 1315 plerumque
952 1254 1021 1297 con-

74 1322 244 1385 retardant.
288 1321 485 1402 Hippocrates
520 1325 673 1402 praecepit
705 1324 740 1384 ad
772 1324 903 1385 sistenda
932 1327 1023 1385 nimia

112 1421 268 1474 menstrua
291 1411 468 1472 feminarum
495 1413 526 1470 in
554 1409 621 1471 cibo
650 1411 769 1472 dandos.
812 1412 885 1475 clavi
911 1413 1024 1492 pedum

112 1502 242 1581 inposito
264 1519 301 1561 eo
324 1499 420 1561 limari
439 1508 469 1560 et
492 1501 648 1578 comprimi
667 1501 839 1562 ereduntur.
877 1520 967 1564 sucus
986 1522 1022 1563 ex

112 1591 182 1650 vino
219 1588 307 1651 datus
343 1588 457 1650 utiliter
493 1587 649 1649 adversum
682 1593 874 1670 scorpionum
909 1609 1022 1671 venena

113 1681 235 1739 resistit.
278 1678 397 1757 quidam
423 1685 530 1756 putant
557 1679 646 1737 etiam
667 1679 766 1756 ipsum
789 1682 893 1741 tritum
922 1688 952 1741 et
979 1684 1022 1741 in-

75 1780 102 1822 15
114 1769 247 1847 positum
269 1765 363 1847 plagis
387 1765 508 1827 mederi.

178 1961 317 2036 Lapatium
340 1961 510 2016 hortensium
533 1961 590 2017 sive
612 1977 706 2017 rumor
729 1962 828 2019 calidae
851 1970 878 2019 et
900 1971 1024 2019 austerae
1043 1966 1099 2036 (34)

114 2047 222 2104 virtutis
238 2054 289 2107 est.
327 2048 355 2101 in
375 2045 434 2102 cibo
456 2053 592 2119 sumptum
616 2054 734 2126 uentrem
756 2049 895 2120 reprimit,
918 2049 1023 2104 urinam

113 2138 263 2206 provocat,
287 2139 394 2187 ructum
417 2131 532 2198 excitat,
556 2131 724 2186 stomachum
740 2131 886 2188 confortat.
917 2134 945 2187 in
961 2135 1022 2188 vino

114 2225 222 2272 contum
245 2217 338 2271 tritum
361 2223 477 2271 strumas
493 2222 521 2269 et
542 2213 679 2287 parotidas
695 2224 785 2280 curat,
809 2222 837 2271 et
860 2232 955 2271 omnes
978 2224 1022 2271 tu-

75 2313 103 2353 no
116 2316 207 2357 mores
228 2301 344 2374 spargit.
376 2324 379 2329 ·

179 2437 267 2495 Blitus
281 2441 409 2495 virtutem
426 2437 505 2495 habet
522 2438 647 2514 frigidam
662 2446 690 2495 et
712 2438 888 2512 glutinosam.
919 2440 946 2494 in
961 2437 1021 2494 cibo
1041 2435 1097 2502 (33)

115 2524 277 2598 frequenter
298 2532 423 2596 sumptus
446 2524 615 2580 stomachum
639 2526 736 2580 evertit
758 2531 786 2578 et
807 2524 898 2580 colera
920 2532 1020 2579 movet.

116 2608 180 2665 iotia
203 2609 262 2663 eius
286 2610 348 2665 trita
370 2609 397 2662 in
421 2612 594 2682 scorpionum
618 2611 687 2665 ictus
710 2609 805 2682 ponito
828 2617 938 2665 etcum
961 2610 1022 2664 rino

115 2701 190 2766 pota.

186 2918 201 2965 1
221 2910 332 2982 positae
349 2913 394 2967 ab.
411 2911 588 2984 linfringunt
605 2914 672 2981 pot:
692 2912 872 2982 confringunt
888 2914 933 2968 ab.
984 2918 1000 2966 2
1019 2913 1131 2967 soabroa

113 2983 201 3051 pozo:
216 2984 360 3039 serobesr.
377 2985 382 3052 ι
397 2984 560 3053 ulceraepo:
575 2983 752 3054 vulneragot
762 2986 826 3052 (rb).
845 2984 910 3038 haee
922 3000 1002 3051 saepe
1015 2989 1040 3036 et
1053 2982 1131 3050 apud

117 3053 244 3110 Plinium
272 3055 395 3121 confuso.
431 3054 556 3111 lichenas
574 3057 614 3109 ait
634 3056 710 3111 Poto.
731 3057 735 3121 Ι
760 3076 786 3112 v.
805 3056 930 3109 iumento
951 3071 976 3110 o.
1045 3059 1060 3107 3
1085 3069 1130 3107 ex-

113 3125 230 3196 tingunt
246 3142 293 3195 po.
340 3131 357 3180 4
371 3126 582 3196 gargarizatus:
595 3124 812 3196 διακλυζόμεναι
826 3127 863 3180 D.
917 3131 933 3180 6
947 3124 1098 3192 suspendat
1112 3125 1129 3178 l.

150 3203 166 3251 ‘1
191 3195 297 3252 scrofas
313 3214 352 3266 go
367 3202 400 3266 tr,
420 3199 500 3267 -phas
518 3197 558 3264 b):
586 3197 703 3267 glandes
721 3200 731 3253 t
754 3193 905 3268 (χοιράδας
923 3197 965 3249 ait
982 3195 1028 3263 D.¹
1052 3201 1084 3248 ut
1106 3200 1131 3248 et

114 3266 202 3337 adpro
220 3270 359 3325 sammaa.
406 3270 447 3323 ut.
467 3268 551 3322 blitto
566 3269 582 3323 l.
630 3270 743 3323 8blitti
762 3270 779 3323 l.
825 3267 955 3322 teolera
972 3267 1045 3335 qod,
1066 3265 1130 3320 oho-

114 3338 200 3396 leral.
239 3346 273 3394 10
287 3340 589 3409 yppofflypo·l)crates
601 3355 632 3408 p,
645 3341 793 3409 ypoeretes
802 3357 826 3394 o.
844 3340 848 3406 t
864 3337 1036 3408 Hippocrate
1051 3353 1129 3407 prse-

115 3409 294 3482 tipienterb.
311 3414 315 3478 Ι
331 3411 419 3466 nimia
432 3412 568 3480 potato:
587 3410 734 3465 omniard.
772 3417 804 3464 11
821 3409 944 3464 dandum
957 3409 1002 3464 rb.
1048 3415 1131 3463 12-eo

114 3481 208 3539 limari
224 3499 278 3552 go,
301 3484 331 3536 et
347 3481 442 3536 limari
460 3483 505 3536 td:
529 3499 562 3537 eo
585 3480 695 3536 elimari
712 3482 757 3537 rb.
780 3531 786 3542 ,
813 3487 846 3535 13
864 3479 954 3535 datas
970 3481 1067 3547 putria
1090 3480 1145 3527 aas

114 3553 215 3610 torro.
231 3559 236 3624 Ι
253 3552 399 3608 adversum
407 3571 460 3624 qa:
474 3553 738 3626 adversusldtrbi.
774 3541 1172 3615 teresrsutootdaoasu-
