2416 3900
427 151 431 159 ·
454 133 503 174 4

506 238 547 246 ψ
596 201 657 266 189
705 239 747 246 -

118 365 186 439 cuuj
210 365 276 426 oleo
300 372 330 425 et
352 370 437 425 aceto
461 366 550 425 tritus
574 363 723 446 inlinitur,
747 366 880 443 quamvis
903 365 1023 444 quidam
1069 370 1084 404 a

118 473 187 517 cum
211 454 273 516 solo
301 471 423 514 rosaceo
451 463 549 514 terere
576 453 744 514 maluerint.
785 455 913 532 gummis
941 459 1024 533 gutta
1069 459 1085 493 *

117 561 207 624 quam
229 543 339 624 persici
362 550 487 604 truncus
509 540 687 623 inlacrimat,
709 541 814 603 fluenti
837 541 901 602 alvo
923 541 1022 603 mede·

116 640 176 694 tur.
212 630 316 692 eadem
338 633 429 693 mixta
447 649 517 692 oum
534 633 602 691 vino
625 633 714 692 etiam
735 633 768 719 iu
790 632 887 691 vesica
907 630 1024 711 lapillos

90 721 239 801 strango,
262 722 332 780 trita
355 738 392 781 ex
414 728 499 782 aceto
521 722 709 800 impetigines
731 722 879 801 reprimit,
902 720 1024 780 decocta

118 827 188 871 cum
210 826 299 870 croco
322 816 455 870 tumores
482 810 612 870 faucium
634 810 761 889 mitigat,
788 827 923 888 asperam
946 816 1023 870 arte·

117 900 179 960 riae
203 897 335 959 canalem
357 896 498 959 leviorem
518 898 600 978 facit,
624 897 832 959 excreantibus
850 899 1025 977 sanguinem

117 989 194 1047 miro
209 985 297 1047 modo
311 986 462 1068 subvenit,
479 986 610 1047 thoracis
629 985 789 1048 obstrictos
804 988 887 1048 sinus
901 993 1025 1068 reserat,

117 1077 188 1136 ritia
209 1074 359 1154 pulmonis
382 1084 534 1156 expurgat.

186 1275 287 1332 XLV.
319 1277 368 1332 Do
392 1275 501 1331 citrio.
1070 1273 1085 1307 *

78 1407 105 1448 ro
133 1430 137 1437 ·
184 1393 251 1455 Non
269 1413 329 1455 una
347 1393 509 1473 eademque
528 1395 623 1454 virtus
642 1394 673 1453 in
691 1391 830 1454 omnihus
849 1396 928 1455 cittii
945 1386 1131 1474 par-(Galle

118 1481 200 1545 tibus
223 1484 402 1544 continetur.
440 1500 508 1543 nam
531 1483 642 1542 semini
656 1481 769 1553 acidam
786 1489 965 1574 potestatem
983 1501 1017 1544 ac
1026 1458 1130 1596 ,zm

1041 1602 1113 1668 cro.)

180 1765 351 1823 Persicorum
374 1763 450 1822 cibus
465 1774 508 1820 est
530 1764 638 1838 quidem
660 1763 802 1821 stomacho
824 1765 927 1822 inutilis
950 1765 1024 1840 quod
1043 1770 1098 1836 (69)

119 1851 172 1907 cito
200 1866 283 1906 sucus
311 1865 406 1905 eorum
434 1856 554 1919 acescat,
583 1856 610 1904 et
637 1863 699 1905 caro
727 1849 786 1904 eius
813 1848 1023 1924 indigestionem

77 1943 104 1986 rs
117 1933 189 1990 iacit.
227 1942 316 1991 tamen
337 1941 402 2008 post
424 1932 559 2006 cibum-si
573 1931 672 1989 dantur
695 1931 797 1989 utilitas
813 1941 864 1990 est.
894 1949 945 1989 neo
968 1949 1023 1989 non

117 2026 146 2074 et
167 2018 238 2075 cocti
258 2019 286 2075 in
307 2019 366 2074 iure
381 2020 404 2075 si
424 2033 486 2073 cum
508 2016 584 2090 pullo
607 2016 757 2090 gallinaceo
772 2024 932 2090 sumuntur,
956 2034 1021 2075 trau·

117 2103 186 2158 siant
199 2104 350 2176 stringunt.
386 2100 451 2158 folia
467 2116 561 2157 eorum
584 2102 647 2156 trita
667 2118 728 2160 oum
744 2101 818 2159 calda
841 2109 905 2175 pota
927 2111 1022 2158 contra

117 2184 263 2243 lumbricos
285 2187 428 2242 viscerum.
464 2184 588 2242 similiter
614 2184 679 2243 lolia
707 2187 770 2243 trita
792 2185 918 2242 umbilico
945 2187 1024 2259 inpo-

107 2278 231 2328 nuntur.
266 2269 364 2327 nucleo
392 2272 561 2343 persicorum
583 2286 643 2327 cum
666 2279 743 2328 aceto
766 2279 794 2326 et
820 2271 881 2327 oleo
904 2269 1023 2326 frontem

78 2354 212 2414 solicito:
246 2356 340 2428 capitis
368 2352 491 2410 dolorem
519 2355 599 2412 tollit.
642 2356 745 2430 gummi
772 2371 867 2412 eorum
888 2357 916 2410 in
938 2370 1023 2428 posca

118 2440 211 2496 soluto
233 2447 299 2513 pota
321 2440 481 2514 sanguinem
508 2441 660 2497 reicientes.
696 2455 792 2511 sucum
813 2439 941 2496 loliorum
963 2439 1021 2494 eius
1087 2509 1089 2513 Ι

119 2540 180 2581 cum
202 2531 279 2581 aceto
302 2523 333 2580 ad
356 2539 460 2580 vermes
475 2525 578 2580 aurium
601 2523 747 2581 instillato:
769 2514 797 2581 et
813 2522 922 2579 vulnera
944 2529 1022 2580 curat

119 2615 148 2665 ot
169 2624 274 2665 vermes
297 2616 385 2665 necat.

181 2694 336 2750 Armeniaca
357 2693 440 2751 calida
462 2703 489 2750 et
511 2695 642 2769 styptica,
664 2694 805 2769 stomacho
819 2692 895 2749 valde
910 2693 1019 2749 utiliora
1038 2689 1096 2758 (70)

80 2791 108 2832 sc
121 2779 149 2834 io
169 2777 231 2836 cibo
253 2786 369 2851 sumpta.

192 3053 257 3108 let
275 3052 357 3108 aceto
368 3053 457 3121 pald:
477 3068 527 3107 om.
546 3051 755 3122 ohlquemvis
770 3070 834 3107 oum
847 3069 868 3107 s.
882 3070 904 3106 r.
923 3049 1038 3119 quidam
1051 3050 1072 3104 t.
1086 3050 1132 3105 rb.

155 3130 173 3181 2
197 3122 324 3180 Gummis
346 3125 436 3193 pald:
464 3123 578 3179 Gummi
603 3124 649 3178 rb.
712 3130 730 3178 4
751 3123 841 3177 mixte
861 3123 951 3191 polit:
978 3136 1029 3176 om.
1052 3121 1098 3176 rb.

123 3200 140 3250 b
156 3194 338 3266 impetigines
355 3210 402 3264 pc.
437 3201 473 3249 ’6
490 3196 614 3250 tumores
632 3195 720 3263 polet:
744 3210 815 3249 -rem
833 3193 877 3246 rb.
899 3193 903 3260 Ι
923 3196 989 3261 post
1010 3192 1134 3247 tumores

124 3266 195 3330 dcco
211 3267 310 3334 folium
328 3267 494 3320 ommino
514 3267 608 3335 (coque
625 3263 886 3331 ad192,4tliondo
904 3263 1135 3330 accommodata).

126 3335 266 3409 lothariae
285 3353 412 3408 ceperum
431 3352 455 3392 c.
473 3337 517 3392 rb.
572 3341 588 3389 8
609 3334 759 3390 obstrictus
776 3335 821 3389 rb.
876 3339 892 3387 9
911 3333 1014 3404 purgat
1032 3333 1073 3389 tc.
1097 3350 1135 3389 oe·

32 3446 49 3465 .
124 3413 248 3478 mur
274 3409 306 3462 io
331 3409 352 3464 d
378 3409 511 3478 quaedam
537 3423 571 3462 cx
597 3403 683 3460 tuitio
707 3421 767 3474 cop.
790 3409 925 3473 eccepto.
995 3405 1038 3459 tit.
1066 3405 1135 3474 (etc.)

123 3477 323 3607 ᾀῖἑξοιςῑψῂ
352 3480 482 3550 cytreob
506 3478 586 3548 (citro
603 3477 642 3546 d).
719 3482 753 3530 10
772 3476 836 3531 Non
857 3492 926 3530 una:
953 3475 1133 3553 Nomina-tl

123 3566 151 3605 cr
