2416 3900
459 98 677 163 ,35-

61 259 193 321 adhihito
222 276 259 324 ex
285 260 353 320 vino
381 259 474 320 calido
503 262 534 321 in
558 260 678 322 modum
701 263 807 342 malag-

20 384 26 396 ·
60 351 147 410 matis
180 356 373 428 temperatur.
419 349 513 409 lerina
542 349 707 411 hordeacea
739 370 808 413 oum
835 365 940 428 nulia.
983 362 985 367 '

59 437 115 499 heo
139 444 216 498 tusa.
253 435 393 498 lenticula
420 439 452 497 in
476 445 559 498 aceto
583 437 721 501 discocta.
758 441 807 501 ici
834 453 938 515 antii.

59 525 128 588 solia
151 527 269 605 etipsa
291 544 379 605 poma
401 528 549 587 inmatura
573 530 709 590 contrita.
745 548 804 590 am·
833 541 950 613 *(om.r)
974 547 1061 613 aina.

33 615 228 677 amoniaoum
251 632 320 675 oum
343 614 429 675 melle
455 617 636 695 impositum.
677 620 806 697 iuniperi
833 627 912 691 aopi
931 623 991 694 (orn.
1006 624 1031 692 r)

58 721 162 766 semen
184 720 222 763 ex
240 702 306 763 oleo
329 703 472 764 inlinitur.
505 703 574 764 lolia
593 705 651 765 alni
674 723 806 786 eraque
833 719 919 782 aaut.

57 793 186 854 ierrenti
200 790 333 851 remedio
347 792 422 853 fiunt
435 795 554 853 tumori.
582 811 706 854 ovomm
725 794 806 856 lutea
833 806 919 866 aona.

57 899 126 943 oum
154 879 240 961 adipe
264 882 401 941 anserino
424 888 455 941 et
481 883 606 942 rosaoio.
647 882 687 942 iel
713 886 803 944 tauri·
832 889 967 960 (283349)

55 987 129 1030 num
143 968 190 1028 vel
205 970 360 1048 caprinum
373 968 517 1031 inlinitur.
535 967 643 1050 butyro
654 979 705 1032 aut
718 972 804 1051 adipe
831 984 937 1048 aslon.

17 1073 44 1113 ro
56 1058 162 1118 ursino
198 1057 407 1135 peririoantur.
467 1057 691 1136 opisthotonum
727 1059 804 1120 levat
866 1064 903 1118 ib.

54 1148 143 1206 urina
161 1162 267 1224 oaprae
286 1144 410 1206 duribus
428 1146 534 1207 inlusa.
562 1146 650 1207 timus
664 1150 803 1226 caprinus
865 1151 902 1205 to.

55 1251 124 1295 eum
137 1231 236 1294 bulbis
254 1232 398 1294 inlinitur.
427 1233 652 1313 opisthotonicis
667 1253 704 1294 ex
723 1235 803 1296 milvi
830 1247 934 1310 aomo.

53 1323 187 1383 iocinere
210 1321 293 1381 arido
316 1329 379 1382 tres
407 1319 488 1382 oholi
515 1324 547 1383 in
569 1321 667 1384 trihus
690 1324 803 1404 cyathis

53 1427 148 1489 aquae
170 1409 283 1471 mulsae
312 1408 434 1472 bibendi
460 1408 576 1471 dantur.
614 1410 704 1490 adeps
727 1411 801 1491 lupi·
829 1422 934 1487 stipat

13 1514 39 1554 15
53 1517 112 1561 nus
142 1497 257 1560 utiliter
283 1498 427 1559 inhnitur.
463 1501 496 1559 in
523 1501 673 1561 cervicum
700 1499 801 1561 dolore
829 1512 916 1576 napo.

52 1586 181 1669 poplites
204 1585 319 1647 utihter
346 1587 504 1668 ineantur,
533 1596 564 1648 et
591 1606 607 1647 e
632 1587 748 1649 diverso
771 1591 828 1649 in'

51 1674 200 1756 poplitum
232 1674 334 1736 dolore
367 1677 513 1736 cervicem
544 1676 646 1736 irioari
677 1676 802 1737 remedi-

53 1782 106 1825 um
129 1771 184 1824 est.

119 1909 228 1966 xm.
251 1909 413 1965 Eumenis
436 1909 667 1966 dilatioribus.

120 2025 278 2088 Doloribus
316 2027 510 2089 humerorum
546 2027 701 2089 mustelae·
725 2030 800 2088 einis
827 2039 914 2103 30,41.

11 2131 124 2179 iocum
149 2134 204 2176 ovo
230 2115 375 2176 inhnitur.
416 2116 458 2177 sal
487 2118 518 2176 in
548 2134 634 2176 saooo
661 2133 697 2176 ex
724 2133 799 2193 aqua
826 2127 933 2186 31‚102.

50 2205 181 2266 ferventi
203 2203 363 2266 oaloiactus
385 2204 520 2265 adicitur.
790 2277 793 2281 .

119 2292 198 2354 Haeo
227 2312 303 2373 quae
337 2310 427 2372 supra
457 2295 566 2372 scripta
598 2303 668 2356 sunt
695 2292 799 2354 eodem

123 2519 254 2575 leddito
273 2536 289 2573 r
306 2517 383 2589 (Pl).
408 2521 414 2588 l
439 2535 473 2574 ex
495 2518 561 2574 vino
585 2536 608 2573 o.
626 2519 664 2575 in.
683 2537 720 2574 m.
735 2519 799 2573 mal.
819 2520 855 2574 h:
873 2519 914 2573 ate
930 2522 956 2574 et
970 2519 1065 2576 More.

43 2591 311 2660 p.127(om.Pl.).
384 2590 472 2645 3fioo
489 2606 520 2659 p:
543 2589 597 2644 fiou
615 2590 663 2646 db.
690 2591 695 2658 Ι
719 2592 781 2644 tuso
799 2590 841 2658 pol
863 2591 956 2659 (tunsa
973 2607 998 2658 r,
1016 2592 1065 2660 qua·

48 2661 115 2717 add.
134 2659 311 2732 imponihu):
340 2660 415 2715 sicea
435 2661 479 2714 Pl.
503 2663 578 2730 (aum
600 2660 655 2715 ficu
678 2659 757 2714 arida
778 2661 863 2715 tunsa
882 2661 936 2730 M).
962 2662 967 2730 Ι
995 2661 1067 2717 Len·

45 2730 120 2787 tiolo.
136 2747 162 2801 p.
235 2737 252 2786 4
270 2731 381 2801 etipsa
402 2747 488 2800 poma
504 2731 571 2786 inm.
590 2731 629 2799 ph
652 2732 713 2800 (om.
732 2748 765 2800 r.‚
788 2731 823 2798 of.
843 2730 935 2787 Mora.
950 2749 980 2801 p.
1002 2738 1067 2788 127:

46 2802 95 2857 iioi
122 2800 193 2857 folin
215 2804 245 2867 et
271 2817 356 2871 poma
383 2801 508 2856 eiusdem
525 2801 627 2869 imm.):
656 2803 685 2856 et
710 2801 798 2870 ipsius
824 2800 976 2857 immatura
1004 2805 1065 2872 (om.

45 2888 136 2942 poma
162 2873 190 2927 d.
215 2873 221 2939 Ι
245 2872 446 2927 Ammoniaco.
459 2871 625 2940 ..imposita
642 2873 684 2941 pd
703 2873 773 2942 (um
790 2874 825 2942 r).
887 2880 902 2927 6
921 2873 991 2928 folia
1008 2873 1067 2929 alni

45 2943 93 2998 rel
158 2941 247 3012 ime)
266 2943 329 3011 pdb
357 2944 400 3012 (ex
418 2943 494 3011 dapl.
514 2943 570 2998 leot.
590 2942 624 3009 of.
644 2959 732 3012 supra
754 2959 775 2998 o.
796 2945 849 3011 10),
876 2943 946 2997 folia
963 2943 1024 2998 allii
1042 2961 1065 2996 r.

82 3011 192 3067 'thuni
208 3029 239 3082 9:
267 3015 332 3068 sunl
349 3013 397 3067 db.
472 3013 559 3068 aiei:
586 3012 700 3069 fimum?
719 3015 754 3081 ef.
774 3013 820 3068 Pl.
843 3017 948 3082 28,234.
974 3015 978 3079 l
1002 3014 1064 3066 tau-

44 3083 143 3139 rinum
167 3083 215 3138 vel
241 3099 292 3138 om.
311 3101 334 3138 r.
430 3085 592 3138 9Buturae
620 3086 681 3154 (sio)
708 3101 739 3154 9,
770 3084 868 3138 Butiro
895 3084 921 3138 d.
947 3085 951 3149 l
976 3083 1064 3135 autb

44 3154 131 3225 (Pl.):
151 3154 237 3223 stud
254 3156 314 3223 (seu
331 3156 366 3221 r).
417 3160 451 3211 10
470 3153 689 3224 opistoihoniam
707 3156 749 3225 qd
767 3155 838 3223 (uia
851 3155 867 3206 h
881 3168 917 3208 aa.
932 3152 1062 3221 levatur).

117 3229 154 3279 12
174 3223 398 3295 Opistothoniais
415 3226 506 3295 pdrh.
532 3225 537 3295 Ι
567 3242 600 3280 ex
618 3226 728 3298 mrhluo
749 3224 842 3278 einero
860 3237 890 3290 9,
915 3237 949 3303 ex
967 3221 1064 3281 milvio

17 3334 20 3339 -
44 3294 167 3364 (milivio
187 3295 214 3365 b)
232 3295 326 3351 cinare
343 3295 385 3350 db
405 3298 450 3365 (ex
467 3295 588 3352 iecinore
607 3296 687 3351 milvi
705 3298 738 3364 r).
803 3298 835 3345 17
855 3307 993 3346 cemoem
1011 3294 1063 3362 pb:

44 3384 103 3422 -oes
122 3366 152 3421 d.
225 3367 267 3422 ott.
287 3366 332 3421 Ad
349 3366 479 3422 humeros
497 3368 527 3420 ot
544 3366 633 3420 latera
650 3366 678 3419 d.
751 3369 785 3416 20
805 3377 870 3417 ovo:
890 3379 954 3417 esra
972 3363 1020 3419 Pz.

10 3494 15 3529 ἰ
45 3442 78 3491 22
89 3442 237 3505 -p.3t‚5
252 3451 302 3490 om.
322 3454 344 3491 r.
383 3423 416 3491 ‘22
432 3438 537 3506 scripta
549 3451 579 3504 p:
599 3434 709 3488 dietad
728 3433 814 3502 (Haeo
833 3433 1008 3553 prapsoripio
1025 3435 1060 3502 h).

863 3527 879 3575 3
