<?xml version="1.0" encoding="UTF-8"?>
<!DOCTYPE html PUBLIC "-//W3C//DTD XHTML 1.0 Transitional//EN"
    "http://www.w3.org/TR/xhtml1/DTD/xhtml1-transitional.dtd">
<html xmlns="http://www.w3.org/1999/xhtml" xml:lang="en" lang="en">
 <head>
  <title>
</title>
<meta http-equiv="Content-Type" content="text/html;charset=utf-8" />
  <meta name='ocr-system' content='tesseract 3.04.00' />
  <meta name='ocr-capabilities' content='ocr_page ocr_carea ocr_par ocr_line ocrx_word'/>
</head>
<body>
  <div class='ocr_page' id='page_1' title='image "./pliniisecundiqu02plingoog_0054.png"; bbox 0 0 2416 3900; ppageno 0'>
   <div class='ocr_carea' id='block_1_1' title="bbox 460 133 680 197">
    <p class='ocr_par' dir='ltr' id='par_1_1' title="bbox 460 133 680 197">
     <span class='ocr_line' id='line_1_1' title="bbox 460 133 680 197; baseline 0.009 -20"><span class='ocrx_word' id='word_1_1' title='bbox 460 133 680 197; x_wconf 68' lang='lat'>-49.„</span> 
     </span>
    </p>
   </div>
   <div class='ocr_carea' id='block_1_2' title="bbox 13 294 965 1614">
    <p class='ocr_par' dir='ltr' id='par_1_2' title="bbox 58 294 813 378">
     <span class='ocr_line' id='line_1_2' title="bbox 58 294 813 378; baseline -0.004 -18"><span class='ocrx_word' id='word_1_2' title='bbox 58 298 199 373; x_wconf 85' lang='lat' dir='ltr'>amittant</span> <span class='ocrx_word' id='word_1_3' title='bbox 217 303 248 356; x_wconf 89' lang='lat' dir='ltr'>et</span> <span class='ocrx_word' id='word_1_4' title='bbox 266 294 436 355; x_wconf 80' lang='lat' dir='ltr'>enucleatae</span> <span class='ocrx_word' id='word_1_5' title='bbox 456 312 524 356; x_wconf 90' lang='lat' dir='ltr'>cum</span> <span class='ocrx_word' id='word_1_6' title='bbox 542 297 645 374; x_wconf 87' lang='lat' dir='ltr'>pipere</span> <span class='ocrx_word' id='word_1_7' title='bbox 665 303 813 378; x_wconf 85' lang='lat' dir='ltr'>teruntur,</span> 
     </span>
    </p>

    <p class='ocr_par' dir='ltr' id='par_1_3' title="bbox 60 384 812 467">
     <span class='ocr_line' id='line_1_3' title="bbox 60 384 812 467; baseline 0 -21"><span class='ocrx_word' id='word_1_8' title='bbox 60 385 173 467; x_wconf 77' lang='lat' dir='ltr'>qrribm</span> <span class='ocrx_word' id='word_1_9' title='bbox 196 384 398 445; x_wconf 82' lang='lat' dir='ltr'>admiscentur</span> <span class='ocrx_word' id='word_1_10' title='bbox 416 386 496 444; x_wconf 91' lang='lat' dir='ltr'>coria</span> <span class='ocrx_word' id='word_1_11' title='bbox 515 384 584 444; x_wconf 92' lang='lat' dir='ltr'>mali</span> <span class='ocrx_word' id='word_1_12' title='bbox 606 386 637 444; x_wconf 89' lang='lat' dir='ltr'>in</span> <span class='ocrx_word' id='word_1_13' title='bbox 656 391 738 446; x_wconf 89' lang='lat' dir='ltr'>aceto</span> <span class='ocrx_word' id='word_1_14' title='bbox 763 385 812 446; x_wconf 88' lang='lat' dir='ltr'>de·</span> 
     </span>
    </p>

    <p class='ocr_par' dir='ltr' id='par_1_4' title="bbox 61 473 811 555">
     <span class='ocr_line' id='line_1_4' title="bbox 61 473 811 555; baseline -0.004 -18"><span class='ocrx_word' id='word_1_15' title='bbox 61 482 158 555; x_wconf 89' lang='lat' dir='ltr'>cocta,</span> <span class='ocrx_word' id='word_1_16' title='bbox 191 473 292 534; x_wconf 91' lang='lat' dir='ltr'>oleum</span> <span class='ocrx_word' id='word_1_17' title='bbox 324 479 354 532; x_wconf 86' lang='lat' dir='ltr'>et</span> <span class='ocrx_word' id='word_1_18' title='bbox 386 474 565 533; x_wconf 90' lang='lat' dir='ltr'>acerrimmn</span> <span class='ocrx_word' id='word_1_19' title='bbox 596 482 712 534; x_wconf 90' lang='lat' dir='ltr'>acetum</span> <span class='ocrx_word' id='word_1_20' title='bbox 743 492 811 534; x_wconf 88' lang='lat' dir='ltr'>cum</span> 
     </span>
    </p>

    <p class='ocr_par' dir='ltr' id='par_1_5' title="bbox 31 560 810 731">
     <span class='ocr_line' id='line_1_5' title="bbox 58 560 810 641; baseline -0.004 -15"><span class='ocrx_word' id='word_1_21' title='bbox 58 563 188 625; x_wconf 83' lang='lat' dir='ltr'>tribulas</span> <span class='ocrx_word' id='word_1_22' title='bbox 208 562 344 622; x_wconf 84' lang='lat' dir='ltr'>adicitur.</span> <span class='ocrx_word' id='word_1_23' title='bbox 372 560 521 640; x_wconf 84' lang='lat' dir='ltr'>oportebit</span> <span class='ocrx_word' id='word_1_24' title='bbox 540 569 639 622; x_wconf 86' lang='lat' dir='ltr'>autern</span> <span class='ocrx_word' id='word_1_25' title='bbox 658 565 709 641; x_wconf 88' lang='lat' dir='ltr'>qui</span> <span class='ocrx_word' id='word_1_26' title='bbox 727 581 810 623; x_wconf 90' lang='lat' dir='ltr'>cura-</span> 
     </span>
     <span class='ocr_line' id='line_1_6' title="bbox 31 647 810 731; baseline -0.004 -17"><span class='ocrx_word' id='word_1_27' title='bbox 31 652 143 714; x_wconf 67' lang='lat' dir='ltr'>abitur</span> <span class='ocrx_word' id='word_1_28' title='bbox 161 653 284 731; x_wconf 90' lang='lat' dir='ltr'>potione</span> <span class='ocrx_word' id='word_1_29' title='bbox 303 667 392 730; x_wconf 90' lang='lat' dir='ltr'>quam</span> <span class='ocrx_word' id='word_1_30' title='bbox 415 649 580 710; x_wconf 86' lang='lat' dir='ltr'>diutissime</span> <span class='ocrx_word' id='word_1_31' title='bbox 599 647 748 711; x_wconf 86' lang='lat' dir='ltr'>abstinere</span> <span class='ocrx_word' id='word_1_32' title='bbox 768 685 810 693; x_wconf 91' lang='lat'>——</span> 
     </span>
    </p>

    <p class='ocr_par' dir='ltr' id='par_1_6' title="bbox 59 739 810 821">
     <span class='ocr_line' id='line_1_7' title="bbox 59 739 810 821; baseline -0.004 -18"><span class='ocrx_word' id='word_1_33' title='bbox 59 748 164 821; x_wconf 81' lang='lat' dir='ltr'>utpote</span> <span class='ocrx_word' id='word_1_34' title='bbox 194 739 274 818; x_wconf 91' lang='lat' dir='ltr'>quod</span> <span class='ocrx_word' id='word_1_35' title='bbox 302 746 333 800; x_wconf 90' lang='lat' dir='ltr'>et</span> <span class='ocrx_word' id='word_1_36' title='bbox 359 740 471 798; x_wconf 89' lang='lat' dir='ltr'>vomitu</span> <span class='ocrx_word' id='word_1_37' title='bbox 499 747 529 799; x_wconf 87' lang='lat' dir='ltr'>ct</span> <span class='ocrx_word' id='word_1_38' title='bbox 555 757 610 818; x_wconf 94' lang='lat' dir='ltr'>per</span> <span class='ocrx_word' id='word_1_39' title='bbox 633 739 734 800; x_wconf 89' lang='lat' dir='ltr'>sedem</span> <span class='ocrx_word' id='word_1_40' title='bbox 762 758 810 801; x_wconf 92' lang='lat' dir='ltr'>ex·</span> 
     </span>
    </p>

    <p class='ocr_par' dir='ltr' id='par_1_7' title="bbox 59 826 926 908">
     <span class='ocr_line' id='line_1_8' title="bbox 59 826 926 908; baseline 0.002 -18"><span class='ocrx_word' id='word_1_41' title='bbox 59 829 192 890; x_wconf 65' lang='lat' dir='ltr'>hauriat.</span> <span class='ocrx_word' id='word_1_42' title='bbox 237 826 380 908; x_wconf 59' lang='lat' dir='ltr'>abversus</span> <span class='ocrx_word' id='word_1_43' title='bbox 416 844 506 905; x_wconf 89' lang='lat' dir='ltr'>quam</span> <span class='ocrx_word' id='word_1_44' title='bbox 542 827 672 888; x_wconf 83' lang='lat' dir='ltr'>lactucae</span> <span class='ocrx_word' id='word_1_45' title='bbox 710 829 810 890; x_wconf 89' lang='lat' dir='ltr'>caules</span> <span class='ocrx_word' id='word_1_46' title='bbox 838 841 926 903; x_wconf 71' lang='lat' dir='ltr'>auct.</span> 
     </span>
    </p>

    <p class='ocr_par' dir='ltr' id='par_1_8' title="bbox 59 917 809 998">
     <span class='ocr_line' id='line_1_9' title="bbox 59 917 809 998; baseline 0 -20"><span class='ocrx_word' id='word_1_47' title='bbox 59 925 173 998; x_wconf 88' lang='lat' dir='ltr'>quanto</span> <span class='ocrx_word' id='word_1_48' title='bbox 197 917 325 977; x_wconf 88' lang='lat' dir='ltr'>maiores</span> <span class='ocrx_word' id='word_1_49' title='bbox 349 922 379 975; x_wconf 88' lang='lat' dir='ltr'>et</span> <span class='ocrx_word' id='word_1_50' title='bbox 402 917 562 976; x_wconf 88' lang='lat' dir='ltr'>amariores</span> <span class='ocrx_word' id='word_1_51' title='bbox 585 919 616 977; x_wconf 89' lang='lat' dir='ltr'>in</span> <span class='ocrx_word' id='word_1_52' title='bbox 639 919 739 996; x_wconf 92' lang='lat' dir='ltr'>patina</span> <span class='ocrx_word' id='word_1_53' title='bbox 762 936 809 979; x_wconf 93' lang='lat' dir='ltr'>co·</span> 
     </span>
    </p>

    <p class='ocr_par' dir='ltr' id='par_1_9' title="bbox 17 1003 942 1174">
     <span class='ocr_line' id='line_1_10' title="bbox 59 1003 942 1086; baseline 0.001 -19"><span class='ocrx_word' id='word_1_54' title='bbox 59 1014 197 1086; x_wconf 88' lang='lat' dir='ltr'>quuntur</span> <span class='ocrx_word' id='word_1_55' title='bbox 220 1023 257 1065; x_wconf 85' lang='lat' dir='ltr'>ex</span> <span class='ocrx_word' id='word_1_56' title='bbox 284 1023 360 1083; x_wconf 88' lang='lat' dir='ltr'>aqua</span> <span class='ocrx_word' id='word_1_57' title='bbox 383 1013 413 1064; x_wconf 88' lang='lat' dir='ltr'>et</span> <span class='ocrx_word' id='word_1_58' title='bbox 441 1005 483 1064; x_wconf 91' lang='lat' dir='ltr'>sic</span> <span class='ocrx_word' id='word_1_59' title='bbox 512 1003 649 1066; x_wconf 89' lang='lat' dir='ltr'>eduntur.</span> <span class='ocrx_word' id='word_1_60' title='bbox 687 1006 810 1085; x_wconf 79' lang='lat' dir='ltr'>cydonia</span> <span class='ocrx_word' id='word_1_61' title='bbox 838 1018 942 1081; x_wconf 78' lang='lat'>23‚100.</span> 
     </span>
     <span class='ocr_line' id='line_1_11' title="bbox 17 1091 809 1174; baseline -0.001 -18"><span class='ocrx_word' id='word_1_62' title='bbox 17 1107 47 1148; x_wconf 85' lang='lat'>1⁰</span> <span class='ocrx_word' id='word_1_63' title='bbox 59 1103 177 1156; x_wconf 89' lang='lat' dir='ltr'>matura</span> <span class='ocrx_word' id='word_1_64' title='bbox 210 1093 302 1154; x_wconf 90' lang='lat' dir='ltr'>cruda</span> <span class='ocrx_word' id='word_1_65' title='bbox 328 1095 360 1152; x_wconf 94' lang='lat' dir='ltr'>in</span> <span class='ocrx_word' id='word_1_66' title='bbox 392 1091 459 1152; x_wconf 91' lang='lat' dir='ltr'>cibo</span> <span class='ocrx_word' id='word_1_67' title='bbox 487 1100 656 1154; x_wconf 88' lang='lat' dir='ltr'>sumuntur.</span> <span class='ocrx_word' id='word_1_68' title='bbox 699 1097 809 1174; x_wconf 91' lang='lat' dir='ltr'>optime</span> 
     </span>
    </p>

    <p class='ocr_par' dir='ltr' id='par_1_10' title="bbox 59 1178 965 1261">
     <span class='ocr_line' id='line_1_12' title="bbox 59 1178 965 1261; baseline 0 -18"><span class='ocrx_word' id='word_1_69' title='bbox 59 1184 130 1245; x_wconf 88' lang='lat' dir='ltr'>lacit</span> <span class='ocrx_word' id='word_1_70' title='bbox 154 1190 185 1242; x_wconf 91' lang='lat' dir='ltr'>et</span> <span class='ocrx_word' id='word_1_71' title='bbox 201 1178 289 1261; x_wconf 88' lang='lat' dir='ltr'>&#39;potio</span> <span class='ocrx_word' id='word_1_72' title='bbox 308 1183 394 1242; x_wconf 91' lang='lat' dir='ltr'>cuius</span> <span class='ocrx_word' id='word_1_73' title='bbox 418 1184 664 1260; x_wconf 88' lang='lat' dir='ltr'>compositionem</span> <span class='ocrx_word' id='word_1_74' title='bbox 682 1201 750 1243; x_wconf 93' lang='lat' dir='ltr'>cum</span> <span class='ocrx_word' id='word_1_75' title='bbox 774 1182 809 1242; x_wconf 86' lang='lat' dir='ltr'>dc</span> <span class='ocrx_word' id='word_1_76' title='bbox 840 1186 965 1257; x_wconf 69' lang='lat' dir='ltr'>(tatae)</span> 
     </span>
    </p>

    <p class='ocr_par' dir='ltr' id='par_1_11' title="bbox 59 1270 942 1348">
     <span class='ocr_line' id='line_1_13' title="bbox 59 1270 942 1348; baseline -0.001 -16"><span class='ocrx_word' id='word_1_77' title='bbox 59 1270 213 1332; x_wconf 91' lang='lat' dir='ltr'>stomacho</span> <span class='ocrx_word' id='word_1_78' title='bbox 227 1270 395 1331; x_wconf 84' lang='lat' dir='ltr'>diceremus</span> <span class='ocrx_word' id='word_1_79' title='bbox 409 1271 609 1348; x_wconf 84' lang='lat' dir='ltr'>exposuimus.</span> <span class='ocrx_word' id='word_1_80' title='bbox 632 1270 721 1331; x_wconf 89' lang='lat' dir='ltr'>bacae</span> <span class='ocrx_word' id='word_1_81' title='bbox 736 1274 809 1331; x_wconf 88' lang='lat' dir='ltr'>acri·</span> <span class='ocrx_word' id='word_1_82' title='bbox 838 1282 942 1346; x_wconf 59' lang='lat' dir='ltr'>alata.</span> 
     </span>
    </p>

    <p class='ocr_par' dir='ltr' id='par_1_12' title="bbox 61 1357 942 1434">
     <span class='ocr_line' id='line_1_14' title="bbox 61 1357 942 1434; baseline 0 -14"><span class='ocrx_word' id='word_1_83' title='bbox 61 1358 125 1420; x_wconf 84' lang='lat' dir='ltr'>folii</span> <span class='ocrx_word' id='word_1_84' title='bbox 147 1361 236 1419; x_wconf 88' lang='lat' dir='ltr'>tritae</span> <span class='ocrx_word' id='word_1_85' title='bbox 260 1365 290 1418; x_wconf 91' lang='lat' dir='ltr'>et</span> <span class='ocrx_word' id='word_1_86' title='bbox 313 1377 350 1419; x_wconf 84' lang='lat' dir='ltr'>ex</span> <span class='ocrx_word' id='word_1_87' title='bbox 373 1359 441 1417; x_wconf 88' lang='lat' dir='ltr'>vino</span> <span class='ocrx_word' id='word_1_88' title='bbox 465 1357 558 1419; x_wconf 88' lang='lat' dir='ltr'>datae.</span> <span class='ocrx_word' id='word_1_89' title='bbox 596 1376 749 1420; x_wconf 89' lang='lat' dir='ltr'>mororum</span> <span class='ocrx_word' id='word_1_90' title='bbox 773 1360 808 1420; x_wconf 90' lang='lat' dir='ltr'>de</span> <span class='ocrx_word' id='word_1_91' title='bbox 837 1371 942 1434; x_wconf 53' lang='lat' dir='ltr'>abluo,</span> 
     </span>
    </p>

    <p class='ocr_par' dir='ltr' id='par_1_13' title="bbox 13 1444 924 1614">
     <span class='ocr_line' id='line_1_15' title="bbox 59 1444 924 1527; baseline 0.003 -19"><span class='ocrx_word' id='word_1_92' title='bbox 59 1446 136 1508; x_wconf 91' lang='lat' dir='ltr'>rubo</span> <span class='ocrx_word' id='word_1_93' title='bbox 157 1464 249 1508; x_wconf 90' lang='lat' dir='ltr'>sucus</span> <span class='ocrx_word' id='word_1_94' title='bbox 267 1447 428 1507; x_wconf 84' lang='lat' dir='ltr'>efficaciter</span> <span class='ocrx_word' id='word_1_95' title='bbox 449 1444 569 1507; x_wconf 88' lang='lat' dir='ltr'>bibitur.</span> <span class='ocrx_word' id='word_1_96' title='bbox 603 1465 678 1527; x_wconf 89' lang='lat' dir='ltr'>aqua</span> <span class='ocrx_word' id='word_1_97' title='bbox 696 1451 809 1509; x_wconf 90' lang='lat' dir='ltr'>marina</span> <span class='ocrx_word' id='word_1_98' title='bbox 837 1461 924 1523; x_wconf 62' lang='lat' dir='ltr'>otto.</span> 
     </span>
     <span class='ocr_line' id='line_1_16' title="bbox 13 1534 514 1614; baseline -0.002 -18"><span class='ocrx_word' id='word_1_99' title='bbox 13 1546 44 1588; x_wconf 87' lang='lat'>1⁵</span> <span class='ocrx_word' id='word_1_100' title='bbox 60 1535 154 1597; x_wconf 88' lang='lat' dir='ltr'>calida</span> <span class='ocrx_word' id='word_1_101' title='bbox 177 1534 316 1614; x_wconf 83' lang='lat' dir='ltr'>clysterio</span> <span class='ocrx_word' id='word_1_102' title='bbox 339 1534 514 1596; x_wconf 81' lang='lat' dir='ltr'>infunditur.</span> 
     </span>
    </p>
   </div>
   <div class='ocr_carea' id='block_1_3' title="bbox 125 1698 474 1757">
    <p class='ocr_par' dir='ltr' id='par_1_14' title="bbox 125 1698 474 1757">
     <span class='ocr_line' id='line_1_17' title="bbox 125 1698 474 1757; baseline -0.011 1"><span class='ocrx_word' id='word_1_103' title='bbox 125 1700 221 1757; x_wconf 80' lang='lat' dir='ltr'>vm.</span> <span class='ocrx_word' id='word_1_104' title='bbox 246 1698 474 1756; x_wconf 70' lang='lat' dir='ltr'>Terminibus.</span> 
     </span>
    </p>
   </div>
   <div class='ocr_carea' id='block_1_4' title="bbox 11 1816 975 2341">
    <p class='ocr_par' dir='ltr' id='par_1_15' title="bbox 11 1816 975 2341">
     <span class='ocr_line' id='line_1_18' title="bbox 127 1816 895 1898; baseline 0.001 -20"><span class='ocrx_word' id='word_1_105' title='bbox 127 1817 256 1879; x_wconf 88' lang='lat' dir='ltr'>Lactuca</span> <span class='ocrx_word' id='word_1_106' title='bbox 279 1816 410 1878; x_wconf 89' lang='lat' dir='ltr'>discocta</span> <span class='ocrx_word' id='word_1_107' title='bbox 428 1816 527 1878; x_wconf 90' lang='lat' dir='ltr'>editur</span> <span class='ocrx_word' id='word_1_108' title='bbox 547 1836 583 1879; x_wconf 87' lang='lat' dir='ltr'>ex</span> <span class='ocrx_word' id='word_1_109' title='bbox 601 1818 667 1878; x_wconf 87' lang='lat' dir='ltr'>oleo</span> <span class='ocrx_word' id='word_1_110' title='bbox 691 1821 807 1898; x_wconf 81' lang='lat' dir='ltr'>cymino</span> <span class='ocrx_word' id='word_1_111' title='bbox 880 1827 895 1859; x_wconf 71' lang='lat'>²¹²</span> 
     </span>
     <span class='ocr_line' id='line_1_19' title="bbox 57 1906 896 1987; baseline -0.001 -18"><span class='ocrx_word' id='word_1_112' title='bbox 57 1907 121 1969; x_wconf 88' lang='lat' dir='ltr'>sale</span> <span class='ocrx_word' id='word_1_113' title='bbox 148 1908 253 1987; x_wconf 86' lang='lat' dir='ltr'>sinapi.</span> <span class='ocrx_word' id='word_1_114' title='bbox 294 1923 382 1967; x_wconf 84' lang='lat' dir='ltr'>ovum</span> <span class='ocrx_word' id='word_1_115' title='bbox 412 1906 539 1967; x_wconf 87' lang='lat' dir='ltr'>crudum</span> <span class='ocrx_word' id='word_1_116' title='bbox 570 1907 745 1969; x_wconf 83' lang='lat' dir='ltr'>diffunditur</span> <span class='ocrx_word' id='word_1_117' title='bbox 777 1910 808 1968; x_wconf 94' lang='lat' dir='ltr'>in</span> <span class='ocrx_word' id='word_1_118' title='bbox 881 1915 896 1948; x_wconf 87' lang='grc'>*</span> 
     </span>
     <span class='ocr_line' id='line_1_20' title="bbox 58 1995 808 2076; baseline 0 -20"><span class='ocrx_word' id='word_1_119' title='bbox 58 2014 146 2076; x_wconf 81' lang='lat' dir='ltr'>vaso,</span> <span class='ocrx_word' id='word_1_120' title='bbox 167 2003 310 2075; x_wconf 88' lang='lat' dir='ltr'>putamen</span> <span class='ocrx_word' id='word_1_121' title='bbox 333 1997 399 2055; x_wconf 91' lang='lat' dir='ltr'>eius</span> <span class='ocrx_word' id='word_1_122' title='bbox 421 1995 562 2073; x_wconf 88' lang='lat' dir='ltr'>impletur</span> <span class='ocrx_word' id='word_1_123' title='bbox 586 1997 650 2057; x_wconf 94' lang='lat' dir='ltr'>oleo</span> <span class='ocrx_word' id='word_1_124' title='bbox 675 1997 754 2076; x_wconf 88' lang='lat' dir='ltr'>quod</span> <span class='ocrx_word' id='word_1_125' title='bbox 776 1999 808 2057; x_wconf 90' lang='lat' dir='ltr'>in</span> 
     </span>
     <span class='ocr_line' id='line_1_21' title="bbox 55 2082 808 2165; baseline 0.001 -22"><span class='ocrx_word' id='word_1_126' title='bbox 55 2102 130 2146; x_wconf 83' lang='lat' dir='ltr'>vaso</span> <span class='ocrx_word' id='word_1_127' title='bbox 157 2083 347 2165; x_wconf 84' lang='lat' dir='ltr'>diffunditur,</span> <span class='ocrx_word' id='word_1_128' title='bbox 375 2082 478 2143; x_wconf 86' lang='lat' dir='ltr'>eadem</span> <span class='ocrx_word' id='word_1_129' title='bbox 506 2086 619 2144; x_wconf 92' lang='lat' dir='ltr'>ratione</span> <span class='ocrx_word' id='word_1_130' title='bbox 650 2094 680 2145; x_wconf 91' lang='lat' dir='ltr'>et</span> <span class='ocrx_word' id='word_1_131' title='bbox 707 2087 808 2145; x_wconf 89' lang='lat' dir='ltr'>vinum</span> 
     </span>
     <span class='ocr_line' id='line_1_22' title="bbox 11 2172 807 2253; baseline 0.001 -23"><span class='ocrx_word' id='word_1_132' title='bbox 11 2190 41 2230; x_wconf 77' lang='lat' dir='ltr'>so</span> <span class='ocrx_word' id='word_1_133' title='bbox 57 2181 90 2235; x_wconf 88' lang='lat' dir='ltr'>et</span> <span class='ocrx_word' id='word_1_134' title='bbox 114 2172 191 2253; x_wconf 86' lang='lat' dir='ltr'>mel‚·</span> <span class='ocrx_word' id='word_1_135' title='bbox 208 2174 311 2232; x_wconf 89' lang='lat' dir='ltr'>vinum</span> <span class='ocrx_word' id='word_1_136' title='bbox 339 2173 378 2232; x_wconf 89' lang='lat' dir='ltr'>sit</span> <span class='ocrx_word' id='word_1_137' title='bbox 405 2178 571 2232; x_wconf 88' lang='lat' dir='ltr'>austerum:</span> <span class='ocrx_word' id='word_1_138' title='bbox 603 2172 676 2232; x_wconf 92' lang='lat' dir='ltr'>haec</span> <span class='ocrx_word' id='word_1_139' title='bbox 699 2174 807 2252; x_wconf 88' lang='lat' dir='ltr'>permi-</span> 
     </span>
     <span class='ocr_line' id='line_1_23' title="bbox 55 2258 975 2341; baseline -0.01 -18"><span class='ocrx_word' id='word_1_140' title='bbox 55 2268 184 2323; x_wconf 83' lang='lat' dir='ltr'>scentur</span> <span class='ocrx_word' id='word_1_141' title='bbox 197 2263 229 2321; x_wconf 92' lang='lat' dir='ltr'>in</span> <span class='ocrx_word' id='word_1_142' title='bbox 243 2278 337 2321; x_wconf 89' lang='lat' dir='ltr'>unum</span> <span class='ocrx_word' id='word_1_143' title='bbox 352 2260 506 2341; x_wconf 86' lang='lat' dir='ltr'>cocleario,</span> <span class='ocrx_word' id='word_1_144' title='bbox 520 2268 550 2321; x_wconf 89' lang='lat' dir='ltr'>et</span> <span class='ocrx_word' id='word_1_145' title='bbox 563 2258 684 2321; x_wconf 90' lang='lat' dir='ltr'>bibitur.</span> <span class='ocrx_word' id='word_1_146' title='bbox 707 2260 808 2320; x_wconf 87' lang='lat' dir='ltr'>holera</span> <span class='ocrx_word' id='word_1_147' title='bbox 836 2259 851 2293; x_wconf 68' lang='lat'>’¹‘</span> <span class='ocrx_word' id='word_1_148' title='bbox 870 2262 930 2330; x_wconf 76' lang='lat' dir='ltr'>(orn.</span> <span class='ocrx_word' id='word_1_149' title='bbox 950 2265 975 2331; x_wconf 78' lang='lat' dir='ltr'>r)</span> 
     </span>
    </p>
   </div>
   <div class='ocr_carea' id='block_1_5' title="bbox 10 2411 1076 3550">
    <p class='ocr_par' dir='ltr' id='par_1_16' title="bbox 49 2411 1076 2912">
     <span class='ocr_line' id='line_1_24' title="bbox 133 2411 1074 2482; baseline -0.001 -13"><span class='ocrx_word' id='word_1_150' title='bbox 133 2420 149 2469; x_wconf 80' lang='grc'><strong>3</strong></span> <span class='ocrx_word' id='word_1_151' title='bbox 168 2416 198 2470; x_wconf 89' lang='lat' dir='ltr'>et</span> <span class='ocrx_word' id='word_1_152' title='bbox 215 2413 309 2469; x_wconf 90' lang='lat' dir='ltr'>oleum</span> <span class='ocrx_word' id='word_1_153' title='bbox 322 2413 349 2469; x_wconf 85' lang='lat' dir='ltr'>ol.</span> <span class='ocrx_word' id='word_1_154' title='bbox 372 2411 377 2481; x_wconf 83' lang='grc' dir='ltr'>Ι</span> <span class='ocrx_word' id='word_1_155' title='bbox 403 2413 568 2469; x_wconf 69' lang='lat' dir='ltr'>ocermmum</span> <span class='ocrx_word' id='word_1_156' title='bbox 586 2430 637 2469; x_wconf 85' lang='lat' dir='ltr'>om.</span> <span class='ocrx_word' id='word_1_157' title='bbox 652 2415 678 2469; x_wconf 81' lang='lat' dir='ltr'>d.</span> <span class='ocrx_word' id='word_1_158' title='bbox 705 2413 709 2481; x_wconf 88' lang='grc' dir='ltr'>Ι</span> <span class='ocrx_word' id='word_1_159' title='bbox 734 2412 933 2481; x_wconf 75' lang='lat' dir='ltr'>cumtriblcsp</span> <span class='ocrx_word' id='word_1_160' title='bbox 956 2413 991 2482; x_wconf 85' lang='lat' dir='ltr'>(et</span> <span class='ocrx_word' id='word_1_161' title='bbox 1009 2420 1074 2468; x_wconf 80' lang='lat' dir='ltr'>aute</span> 
     </span>
     <span class='ocr_line' id='line_1_25' title="bbox 54 2483 1074 2569; baseline -0.006 -25"><span class='ocrx_word' id='word_1_162' title='bbox 54 2503 131 2544; x_wconf 81' lang='lat' dir='ltr'>corr.</span> <span class='ocrx_word' id='word_1_163' title='bbox 145 2486 184 2555; x_wconf 78' lang='lat' dir='ltr'>d),</span> <span class='ocrx_word' id='word_1_164' title='bbox 202 2502 267 2540; x_wconf 91' lang='lat' dir='ltr'>cum</span> <span class='ocrx_word' id='word_1_165' title='bbox 281 2483 460 2568; x_wconf 28' lang='lat' dir='ltr'>tribulisndt</span> <span class='ocrx_word' id='word_1_166' title='bbox 499 2492 527 2568; x_wconf 33' lang='grc'>,6</span> <span class='ocrx_word' id='word_1_167' title='bbox 545 2485 644 2555; x_wconf 82' lang='lat' dir='ltr'>utpote</span> <span class='ocrx_word' id='word_1_168' title='bbox 663 2485 739 2568; x_wconf 75' lang='lat' dir='ltr'>pund</span> <span class='ocrx_word' id='word_1_169' title='bbox 758 2485 792 2568; x_wconf 34' lang='grc' dir='ltr'>(ιζ.</span> <span class='ocrx_word' id='word_1_170' title='bbox 806 2483 873 2554; x_wconf 86' lang='lat' dir='ltr'>quia</span> <span class='ocrx_word' id='word_1_171' title='bbox 891 2484 944 2567; x_wconf 83' lang='lat' dir='ltr'>hoc</span> <span class='ocrx_word' id='word_1_172' title='bbox 958 2485 1074 2569; x_wconf 67' lang='lat' dir='ltr'>nimum,</span> 
     </span>
     <span class='ocr_line' id='line_1_26' title="bbox 53 2555 1076 2697; baseline -0.002 -11"><span class='ocrx_word' id='word_1_173' title='bbox 53 2555 1076 2697; x_wconf 54' lang='lat' dir='ltr'>tttaittittt.tttttt..tttttttttttttttt</span> 
     </span>
     <span class='ocr_line' id='line_1_27' title="bbox 49 2697 1075 2771; baseline 0.003 -18"><span class='ocrx_word' id='word_1_174' title='bbox 49 2703 121 2771; x_wconf 76' lang='lat' dir='ltr'>post</span> <span class='ocrx_word' id='word_1_175' title='bbox 144 2699 363 2768; x_wconf 65' lang='lat' dir='ltr'>conpetitorem</span> <span class='ocrx_word' id='word_1_176' title='bbox 385 2700 420 2753; x_wconf 87' lang='lat' dir='ltr'>ab</span> <span class='ocrx_word' id='word_1_177' title='bbox 443 2697 544 2755; x_wconf 84' lang='lat' dir='ltr'>editore</span> <span class='ocrx_word' id='word_1_178' title='bbox 564 2697 708 2752; x_wconf 79' lang='lat' dir='ltr'>Plinicnis</span> <span class='ocrx_word' id='word_1_179' title='bbox 735 2715 768 2752; x_wconf 77' lang='lat' dir='ltr'>ec</span> <span class='ocrx_word' id='word_1_180' title='bbox 790 2699 914 2768; x_wconf 81' lang='lat' dir='ltr'>marpine</span> <span class='ocrx_word' id='word_1_181' title='bbox 936 2700 1075 2769; x_wconf 69' lang='lat' dir='ltr'>amotam,</span> 
     </span>
     <span class='ocr_line' id='line_1_28' title="bbox 49 2768 1074 2841; baseline 0 -15"><span class='ocrx_word' id='word_1_182' title='bbox 49 2770 146 2841; x_wconf 73' lang='lat' dir='ltr'>paeto</span> <span class='ocrx_word' id='word_1_183' title='bbox 163 2774 272 2825; x_wconf 79' lang='lat' dir='ltr'>mutato</span> <span class='ocrx_word' id='word_1_184' title='bbox 285 2770 337 2824; x_wconf 83' lang='lat' dir='ltr'>sic:</span> <span class='ocrx_word' id='word_1_185' title='bbox 357 2786 412 2840; x_wconf 89' lang='lat' dir='ltr'>qno</span> <span class='ocrx_word' id='word_1_186' title='bbox 431 2772 461 2826; x_wconf 85' lang='lat' dir='ltr'>et</span> <span class='ocrx_word' id='word_1_187' title='bbox 474 2769 610 2825; x_wconf 88' lang='lat' dir='ltr'>vomitum</span> <span class='ocrx_word' id='word_1_188' title='bbox 624 2785 674 2839; x_wconf 88' lang='lat' dir='ltr'>per</span> <span class='ocrx_word' id='word_1_189' title='bbox 688 2768 764 2824; x_wconf 82' lang='lat' dir='ltr'>sitim</span> <span class='ocrx_word' id='word_1_190' title='bbox 779 2769 944 2840; x_wconf 83' lang='lat' dir='ltr'>exhauriat).</span> <span class='ocrx_word' id='word_1_191' title='bbox 961 2772 965 2837; x_wconf 81' lang='lat' dir='ltr'>l</span> <span class='ocrx_word' id='word_1_192' title='bbox 987 2772 1074 2826; x_wconf 83' lang='lat' dir='ltr'>vomi-</span> 
     </span>
     <span class='ocr_line' id='line_1_29' title="bbox 54 2839 1074 2912; baseline -0.001 -15"><span class='ocrx_word' id='word_1_193' title='bbox 54 2844 122 2897; x_wconf 76' lang='lat' dir='ltr'>tum</span> <span class='ocrx_word' id='word_1_194' title='bbox 141 2841 206 2910; x_wconf 76' lang='lat' dir='ltr'>(tir)</span> <span class='ocrx_word' id='word_1_195' title='bbox 225 2841 244 2897; x_wconf 82' lang='lat' dir='ltr'><strong><em>d</em></strong></span> <span class='ocrx_word' id='word_1_196' title='bbox 262 2839 411 2909; x_wconf 82' lang='lat' dir='ltr'>(vomitum</span> <span class='ocrx_word' id='word_1_197' title='bbox 428 2842 562 2912; x_wconf 83' lang='lat' dir='ltr'>provocet</span> <span class='ocrx_word' id='word_1_198' title='bbox 581 2843 610 2895; x_wconf 85' lang='lat' dir='ltr'>et</span> <span class='ocrx_word' id='word_1_199' title='bbox 631 2858 659 2910; x_wconf 93' lang='lat' dir='ltr'>p.</span> <span class='ocrx_word' id='word_1_200' title='bbox 676 2840 754 2896; x_wconf 86' lang='lat' dir='ltr'>sitim</span> <span class='ocrx_word' id='word_1_201' title='bbox 772 2841 834 2896; x_wconf 85' lang='lat' dir='ltr'>exh.</span> <span class='ocrx_word' id='word_1_202' title='bbox 850 2842 945 2911; x_wconf 81' lang='lat' dir='ltr'>priore</span> <span class='ocrx_word' id='word_1_203' title='bbox 964 2843 1020 2898; x_wconf 82' lang='lat' dir='ltr'>loco</span> <span class='ocrx_word' id='word_1_204' title='bbox 1039 2846 1074 2911; x_wconf 84' lang='lat' dir='ltr'>r).</span> 
     </span>
    </p>

    <p class='ocr_par' dir='ltr' id='par_1_17' title="bbox 93 2911 1074 2983">
     <span class='ocr_line' id='line_1_30' title="bbox 93 2911 1074 2983; baseline 0 -16"><span class='ocrx_word' id='word_1_205' title='bbox 93 2918 110 2967; x_wconf 81' lang='grc'><strong>7</strong></span> <span class='ocrx_word' id='word_1_206' title='bbox 131 2911 273 2968; x_wconf 86' lang='lat' dir='ltr'>Adversus</span> <span class='ocrx_word' id='word_1_207' title='bbox 293 2928 378 2980; x_wconf 88' lang='lat' dir='ltr'>quam</span> <span class='ocrx_word' id='word_1_208' title='bbox 397 2913 442 2980; x_wconf 85' lang='lat' dir='ltr'>(co.</span> <span class='ocrx_word' id='word_1_209' title='bbox 462 2912 604 2967; x_wconf 81' lang='lat' dir='ltr'>choleram</span> <span class='ocrx_word' id='word_1_210' title='bbox 621 2913 664 2983; x_wconf 76' lang='lat' dir='ltr'>pol</span> <span class='ocrx_word' id='word_1_211' title='bbox 682 2918 708 2968; x_wconf 84' lang='lat' dir='ltr'>et</span> <span class='ocrx_word' id='word_1_212' title='bbox 720 2930 767 2982; x_wconf 80' lang='lat' dir='ltr'>pr.</span> <span class='ocrx_word' id='word_1_213' title='bbox 786 2915 804 2968; x_wconf 83' lang='lat' dir='ltr'>t.</span> <span class='ocrx_word' id='word_1_214' title='bbox 823 2915 862 2983; x_wconf 79' lang='lat' dir='ltr'>r):</span> <span class='ocrx_word' id='word_1_215' title='bbox 889 2913 921 2967; x_wconf 92' lang='lat' dir='ltr'>In</span> <span class='ocrx_word' id='word_1_216' title='bbox 939 2929 1013 2982; x_wconf 84' lang='lat' dir='ltr'>equa</span> <span class='ocrx_word' id='word_1_217' title='bbox 1031 2915 1074 2980; x_wconf 78' lang='lat' dir='ltr'>(ec</span> 
     </span>
    </p>

    <p class='ocr_par' dir='ltr' id='par_1_18' title="bbox 54 2983 1073 3053">
     <span class='ocr_line' id='line_1_31' title="bbox 54 2983 1073 3053; baseline -0.003 -13"><span class='ocrx_word' id='word_1_218' title='bbox 54 2999 105 3040; x_wconf 73' lang='lat' dir='ltr'>eta.</span> <span class='ocrx_word' id='word_1_219' title='bbox 126 2983 213 3049; x_wconf 76' lang='lat' dir='ltr'>altero</span> <span class='ocrx_word' id='word_1_220' title='bbox 232 2983 300 3052; x_wconf 85' lang='lat' dir='ltr'>loco)</span> <span class='ocrx_word' id='word_1_221' title='bbox 323 2983 348 3037; x_wconf 83' lang='lat' dir='ltr'>b.</span> <span class='ocrx_word' id='word_1_222' title='bbox 411 2989 427 3038; x_wconf 84' lang='grc'>9</span> <span class='ocrx_word' id='word_1_223' title='bbox 447 2983 567 3052; x_wconf 84' lang='lat' dir='ltr'>cydonia</span> <span class='ocrx_word' id='word_1_224' title='bbox 584 3001 613 3053; x_wconf 78' lang='lat' dir='ltr'>p:</span> <span class='ocrx_word' id='word_1_225' title='bbox 634 2983 750 3039; x_wconf 84' lang='lat' dir='ltr'>cidonea</span> <span class='ocrx_word' id='word_1_226' title='bbox 767 2985 794 3040; x_wconf 70' lang='lat' dir='ltr'>el.</span> <span class='ocrx_word' id='word_1_227' title='bbox 860 2990 892 3038; x_wconf 92' lang='lat'>10</span> <span class='ocrx_word' id='word_1_228' title='bbox 910 2984 940 3039; x_wconf 90' lang='lat' dir='ltr'>in</span> <span class='ocrx_word' id='word_1_229' title='bbox 959 2984 1029 3051; x_wconf 81' lang='lat' dir='ltr'>cybo</span> <span class='ocrx_word' id='word_1_230' title='bbox 1047 2999 1073 3053; x_wconf 76' lang='lat'>9.</span> 
     </span>
    </p>

    <p class='ocr_par' dir='ltr' id='par_1_19' title="bbox 92 3052 1075 3126">
     <span class='ocr_line' id='line_1_32' title="bbox 92 3052 1075 3126; baseline -0.003 -18"><span class='ocrx_word' id='word_1_231' title='bbox 92 3059 128 3108; x_wconf 90' lang='lat'>11</span> <span class='ocrx_word' id='word_1_232' title='bbox 145 3054 200 3110; x_wconf 74' lang='lat' dir='ltr'>via.</span> <span class='ocrx_word' id='word_1_233' title='bbox 219 3069 307 3123; x_wconf 69' lang='lat' dir='ltr'>scopae</span> <span class='ocrx_word' id='word_1_234' title='bbox 325 3058 378 3110; x_wconf 73' lang='lat' dir='ltr'>ct</span> <span class='ocrx_word' id='word_1_235' title='bbox 397 3070 430 3108; x_wconf 81' lang='lat' dir='ltr'>ex</span> <span class='ocrx_word' id='word_1_236' title='bbox 446 3055 490 3110; x_wconf 87' lang='lat' dir='ltr'>Pl.</span> <span class='ocrx_word' id='word_1_237' title='bbox 510 3061 615 3126; x_wconf 83' lang='lat'>23‚133.</span> <span class='ocrx_word' id='word_1_238' title='bbox 662 3061 695 3110; x_wconf 80' lang='lat'>12</span> <span class='ocrx_word' id='word_1_239' title='bbox 710 3056 820 3110; x_wconf 82' lang='lat' dir='ltr'>Bachoe</span> <span class='ocrx_word' id='word_1_240' title='bbox 834 3052 1015 3123; x_wconf 84' lang='lat' dir='ltr'>&lt;cnp&gt;rifolii</span> <span class='ocrx_word' id='word_1_241' title='bbox 1033 3053 1075 3121; x_wconf 79' lang='lat' dir='ltr'>(ct</span> 
     </span>
    </p>

    <p class='ocr_par' dir='ltr' id='par_1_20' title="bbox 54 3125 1073 3195">
     <span class='ocr_line' id='line_1_33' title="bbox 54 3125 1073 3195; baseline -0.001 -16"><span class='ocrx_word' id='word_1_242' title='bbox 54 3127 158 3195; x_wconf 65' lang='lat' dir='ltr'>amru)</span> <span class='ocrx_word' id='word_1_243' title='bbox 175 3135 206 3194; x_wconf 71' lang='lat'>9⁶</span> <span class='ocrx_word' id='word_1_244' title='bbox 234 3125 277 3193; x_wconf 78' lang='lat' dir='ltr'>(ut</span> <span class='ocrx_word' id='word_1_245' title='bbox 293 3125 351 3180; x_wconf 77' lang='lat' dir='ltr'>eccl.</span> <span class='ocrx_word' id='word_1_246' title='bbox 370 3125 403 3179; x_wconf 78' lang='lat' dir='ltr'>in</span> <span class='ocrx_word' id='word_1_247' title='bbox 415 3127 501 3181; x_wconf 78' lang='lat' dir='ltr'>unico</span> <span class='ocrx_word' id='word_1_248' title='bbox 519 3127 624 3182; x_wconf 76' lang='lat' dir='ltr'>litterae</span> <span class='ocrx_word' id='word_1_249' title='bbox 637 3143 739 3182; x_wconf 76' lang='lat' dir='ltr'>rasura</span> <span class='ocrx_word' id='word_1_250' title='bbox 757 3128 793 3181; x_wconf 81' lang='lat' dir='ltr'>ait</span> <span class='ocrx_word' id='word_1_251' title='bbox 807 3142 871 3195; x_wconf 84' lang='lat' dir='ltr'>cap,</span> <span class='ocrx_word' id='word_1_252' title='bbox 889 3125 1005 3191; x_wconf 80' lang='lat' dir='ltr'>fortasse</span> <span class='ocrx_word' id='word_1_253' title='bbox 1017 3139 1073 3191; x_wconf 82' lang='lat' dir='ltr'>pro</span> 
     </span>
    </p>

    <p class='ocr_par' dir='ltr' id='par_1_21' title="bbox 10 3194 1073 3269">
     <span class='ocr_line' id='line_1_34' title="bbox 10 3194 1073 3269; baseline -0.003 -18"><span class='ocrx_word' id='word_1_254' title='bbox 10 3262 12 3267; x_wconf 29' lang='grc' dir='ltr'>Ι</span> <span class='ocrx_word' id='word_1_255' title='bbox 55 3200 125 3251; x_wconf 77' lang='lat' dir='ltr'>cett</span> <span class='ocrx_word' id='word_1_256' title='bbox 143 3210 231 3264; x_wconf 75' lang='lat' dir='ltr'>cupra</span> <span class='ocrx_word' id='word_1_257' title='bbox 249 3201 301 3264; x_wconf 79' lang='lat'>2,6.</span> <span class='ocrx_word' id='word_1_258' title='bbox 330 3196 459 3265; x_wconf 81' lang='lat' dir='ltr'>aquifolii</span> <span class='ocrx_word' id='word_1_259' title='bbox 478 3198 589 3269; x_wconf 81' lang='lat' dir='ltr'>Marc).</span> <span class='ocrx_word' id='word_1_260' title='bbox 611 3200 615 3266; x_wconf 74' lang='lat' dir='ltr'>l</span> <span class='ocrx_word' id='word_1_261' title='bbox 638 3194 949 3268; x_wconf 79' lang='lat' dir='ltr'>agrifolium...datur</span> <span class='ocrx_word' id='word_1_262' title='bbox 967 3210 982 3247; x_wconf 84' lang='lat' dir='ltr'>r</span> <span class='ocrx_word' id='word_1_263' title='bbox 1001 3194 1073 3263; x_wconf 84' lang='lat' dir='ltr'>(pro-</span> 
     </span>
    </p>

    <p class='ocr_par' dir='ltr' id='par_1_22' title="bbox 10 3266 1073 3341">
     <span class='ocr_line' id='line_1_35' title="bbox 10 3266 1073 3341; baseline -0.003 -18"><span class='ocrx_word' id='word_1_264' title='bbox 10 3278 12 3341; x_wconf 45' lang='grc' dir='ltr'>ζ</span> <span class='ocrx_word' id='word_1_265' title='bbox 54 3266 497 3339; x_wconf 63' lang='lat' dir='ltr'>mutatausuhventuntot).</span> <span class='ocrx_word' id='word_1_266' title='bbox 534 3271 576 3325; x_wconf 74' lang='lat' dir='ltr'>tit.</span> <span class='ocrx_word' id='word_1_267' title='bbox 590 3269 635 3323; x_wconf 85' lang='lat' dir='ltr'>Ad</span> <span class='ocrx_word' id='word_1_268' title='bbox 648 3267 805 3323; x_wconf 82' lang='lat' dir='ltr'>torminad.</span> <span class='ocrx_word' id='word_1_269' title='bbox 844 3268 1073 3335; x_wconf 75' lang='lat' dir='ltr'>18et19ves09:</span> 
     </span>
    </p>

    <p class='ocr_par' dir='ltr' id='par_1_23' title="bbox 10 3335 1073 3408">
     <span class='ocr_line' id='line_1_36' title="bbox 10 3335 1073 3408; baseline -0.001 -15"><span class='ocrx_word' id='word_1_270' title='bbox 10 3374 12 3393; x_wconf 86' lang='grc'>.</span> <span class='ocrx_word' id='word_1_271' title='bbox 54 3352 124 3407; x_wconf 64' lang='lat' dir='ltr'>vase</span> <span class='ocrx_word' id='word_1_272' title='bbox 144 3337 194 3394; x_wconf 77' lang='lat' dir='ltr'>db.</span> <span class='ocrx_word' id='word_1_273' title='bbox 269 3342 302 3392; x_wconf 82' lang='lat'>19</span> <span class='ocrx_word' id='word_1_274' title='bbox 321 3337 496 3394; x_wconf 83' lang='lat' dir='ltr'>diffunditur:</span> <span class='ocrx_word' id='word_1_275' title='bbox 516 3341 551 3408; x_wconf 77' lang='lat' dir='ltr'>cf.</span> <span class='ocrx_word' id='word_1_276' title='bbox 572 3338 690 3394; x_wconf 78' lang='lat' dir='ltr'>coicitur</span> <span class='ocrx_word' id='word_1_277' title='bbox 709 3340 777 3404; x_wconf 68' lang='lat' dir='ltr'>apt.</span> <span class='ocrx_word' id='word_1_278' title='bbox 849 3339 885 3388; x_wconf 79' lang='lat'>20</span> <span class='ocrx_word' id='word_1_279' title='bbox 903 3335 1014 3390; x_wconf 79' lang='lat' dir='ltr'>austere</span> <span class='ocrx_word' id='word_1_280' title='bbox 1031 3337 1073 3406; x_wconf 70' lang='lat' dir='ltr'>od</span> 
     </span>
    </p>

    <p class='ocr_par' dir='ltr' id='par_1_24' title="bbox 10 3402 1073 3550">
     <span class='ocr_line' id='line_1_37' title="bbox 10 3402 1073 3549; baseline 0 -86"><span class='ocrx_word' id='word_1_281' title='bbox 10 3402 15 3435; x_wconf 72' lang='lat'>⁵</span> <span class='ocrx_word' id='word_1_282' title='bbox 55 3406 243 3549; x_wconf 52' lang='lat' dir='ltr'>pbblaeumhpe)</span> <span class='ocrx_word' id='word_1_283' title='bbox 297 3413 331 3463; x_wconf 75' lang='lat'>21</span> <span class='ocrx_word' id='word_1_284' title='bbox 352 3410 381 3464; x_wconf 87' lang='lat' dir='ltr'>et</span> <span class='ocrx_word' id='word_1_285' title='bbox 398 3409 434 3465; x_wconf 83' lang='lat' dir='ltr'>od</span> <span class='ocrx_word' id='word_1_286' title='bbox 453 3410 640 3481; x_wconf 78' lang='lat' dir='ltr'>quantitatem</span> <span class='ocrx_word' id='word_1_287' title='bbox 654 3404 785 3461; x_wconf 84' lang='lat' dir='ltr'>coclearii</span> <span class='ocrx_word' id='word_1_288' title='bbox 802 3403 884 3462; x_wconf 88' lang='lat' dir='ltr'>unius</span> <span class='ocrx_word' id='word_1_289' title='bbox 902 3404 1037 3461; x_wconf 86' lang='lat' dir='ltr'>bibuntur</span> <span class='ocrx_word' id='word_1_290' title='bbox 1049 3423 1073 3463; x_wconf 81' lang='lat' dir='ltr'>r.</span> 
     </span>
     <span class='ocr_line' id='line_1_38' title="bbox 116 3494 276 3550; baseline 0.006 -15"><span class='ocrx_word' id='word_1_291' title='bbox 116 3494 170 3535; x_wconf 81' lang='lat' dir='ltr'>ero</span> <span class='ocrx_word' id='word_1_292' title='bbox 248 3495 276 3550; x_wconf 75' lang='lat' dir='ltr'>p.</span> 
     </span>
    </p>
   </div>
   <div class='ocr_carea' id='block_1_6' title="bbox 110 3554 918 3642">
    <p class='ocr_par' dir='ltr' id='par_1_25' title="bbox 110 3554 918 3642">
     <span class='ocr_line' id='line_1_39' title="bbox 110 3554 918 3642; baseline -0.004 -20"><span class='ocrx_word' id='word_1_293' title='bbox 110 3580 182 3622; x_wconf 75' lang='lat' dir='ltr'>aranu</span> <span class='ocrx_word' id='word_1_294' title='bbox 196 3581 291 3624; x_wconf 75' lang='lat' dir='ltr'>rauna·</span> <span class='ocrx_word' id='word_1_295' title='bbox 304 3583 421 3626; x_wconf 62' lang='lat' dir='ltr'>mouens.</span> <span class='ocrx_word' id='word_1_296' title='bbox 682 3554 684 3558; x_wconf 42' lang='lat'><em>⁴</em></span> <span class='ocrx_word' id='word_1_297' title='bbox 826 3606 831 3611; x_wconf 86' lang='lat'>.</span> <span class='ocrx_word' id='word_1_298' title='bbox 854 3571 918 3642; x_wconf 57' lang='lat'>424</span> 
     </span>
    </p>
   </div>
   <div class='ocr_carea' id='block_1_7' title="bbox 0 0 1216 3900">
    <p class='ocr_par' dir='ltr' id='par_1_26' title="bbox 0 0 1216 3900">
     <span class='ocr_line' id='line_1_40' title="bbox 0 0 1216 3900; baseline 0 0"><span class='ocrx_word' id='word_1_299' title='bbox 0 0 1216 3900; x_wconf 95' lang='lat' dir='ltr'> </span> 
     </span>
    </p>
   </div>
  </div>
 </body>
</html>
