2408 3878
507 171 726 236 -14-

246 345 350 406 34,121.
379 335 581 412 imponuntur.
618 337 693 412 misy
711 338 904 397 tritumeum
918 339 984 396 rino
1003 340 1033 397 in
1058 337 1123 397 lana

247 433 350 495 20324.
380 424 600 499 superponitur.
651 423 744 482 malva
784 434 930 486 macerata
969 429 1001 486 in
1037 429 1122 509 urina

379 509 506 569 humana
529 518 560 570 et
582 512 651 570 trita
674 513 811 589 imposita
834 514 916 572 valde
940 515 1077 575 desiccat.

110 595 244 667 *(Μανσ.
257 617 285 668 p.
297 603 351 670 40.)
447 597 551 658 Omnia
578 594 675 659 autem
701 601 804 678 capitis
832 599 933 659 ulcera
957 621 1025 661 cum
1051 622 1121 682 pur·

379 694 444 763 gata
468 694 538 746 sunt
560 687 771 748 iucundissime
801 688 836 747 ad
864 690 1031 748 cicatricem
1054 705 1148 769 per-5

378 774 528 834 ducuntur
542 774 598 834 hoc
613 783 723 835 ceroto.
752 794 872 855 spumae
888 778 1002 854 argenti
1016 784 1120 836 tunsae

378 869 407 922 et
431 862 575 923 cribratae
595 863 714 944 selibra,
743 877 881 924 cerussae
905 863 979 923 libra
1002 875 1119 924 unate-

376 959 498 1029 runtur,
526 959 556 1010 et
581 970 667 1011 cerae
692 951 773 1012 albae
797 971 813 1012 e
836 952 911 1012 libra
933 952 990 1012 olei
1013 955 1120 1012 rosaoii

377 1041 569 1100 remittuntur
584 1048 615 1100 et
631 1042 859 1121 refrigerantur,
881 1040 985 1100 deinde
1005 1040 1120 1099 raditur

375 1135 407 1187 et
433 1129 575 1188 miscetur
603 1147 671 1188 oum
699 1147 802 1207 spuma
830 1137 860 1189 et
892 1147 1025 1208 cerussa,
1058 1129 1116 1186 adi·
1133 1146 1160 1183 ιο

376 1218 496 1276 ciuntur
506 1235 630 1277 ovorum
641 1225 780 1296 quattuor
790 1217 868 1277 lutea
879 1217 978 1277 cruda.
997 1217 1119 1296 prodest

376 1313 405 1364 et
428 1307 543 1364 resinae
572 1308 702 1382 pituinae
731 1305 804 1365 libra
828 1308 917 1366 mixta
941 1324 1009 1365 curn
1033 1323 1118 1364 cerae

375 1391 456 1450 albae
481 1391 589 1450 selibra
612 1400 641 1450 et
664 1395 694 1451 in
718 1392 782 1450 oleo
806 1393 941 1472 decocta,
968 1396 1064 1452 itaut
1088 1395 1117 1451 in

375 1481 459 1557 accpi
482 1479 568 1537 modo
588 1487 792 1556 perunguatur
811 1478 920 1556 pistillo
941 1482 1072 1539 mixtum

444 1678 501 1732 IV.
526 1677 704 1746 alopeciis.

134 1795 237 1863 (Mare.
248 1813 279 1864 p.
294 1798 348 1862 46.)
442 1795 594 1873 Alopociae
622 1813 757 1872 magnam
789 1795 959 1855 foeditatem
990 1796 1118 1855 allerunt
1133 1811 1158 1849 15

375 1891 406 1943 et
419 1890 542 1960 propter
555 1883 611 1942 hoc
626 1901 780 1942 servorum
793 1886 888 1961 pretia
903 1882 1116 1943 diminuuntur.

373 1972 472 2048 itaque
497 1973 697 2030 necessarium
721 1978 767 2030 est
794 1989 843 2029 eas
872 1988 989 2048 quoque
1018 1989 1116 2030 emen-

240 2069 344 2131 ealda.
373 2058 451 2118 dare.
497 2077 572 2137 quae
600 2058 755 2118 celerrime
783 2058 969 2138 complentur
996 2059 1116 2137 pellium

179 2227 553 2297 1,misumci,mysumpb
573 2230 632 2291 (om,
652 2231 685 2298 r).
754 2235 769 2281 2
789 2231 931 2283 macerata
948 2229 1024 2282 dim:
1044 2243 1116 2280 erra-

106 2297 163 2352 tica
180 2299 217 2352 rb
237 2298 296 2366 (M)
377 2306 393 2352 3
413 2298 537 2353 desiccat
554 2300 604 2368 pb:
629 2298 716 2353 siccat
733 2300 759 2352 d.
831 2305 848 2351 4
868 2297 975 2352 Omnia.
994 2298 1022 2353 lr.
1041 2297 1116 2365 capi-

106 2368 143 2422 tis
166 2369 192 2422 d.
229 2369 279 2422 ubi
307 2369 413 2422 motek
436 2374 475 2423 eat
494 2384 549 2438 pro
575 2369 788 2437 anptosaoeonieo
809 2369 882 2422 cocis
905 2370 1000 2422 autem
1019 2399 1052 2406 -
1077 2369 1116 2420 sie

107 2439 199 2494 Mare.
218 2455 279 2492 eiam
291 2454 309 2506 p
323 2469 356 2478 -
379 2440 548 2507 compendio,
567 2440 639 2508 quod
656 2455 713 2492 noa
726 2439 860 2492 intellexit
876 2439 993 2506 scriptor
1006 2439 1116 2502 meter,

105 2509 196 2563 omisit
211 2508 332 2563 Toriuus
350 2510 388 2577 (b)
406 2526 467 2564 eum
484 2527 505 2565 r.
539 2511 573 2576 ef.
589 2509 680 2577 praef.
699 2510 737 2563 ud
755 2508 913 2562 Vitruvium
929 2524 1017 2562 merua
1035 2524 1066 2575 p.
1088 2519 1118 2558 Vr

104 2584 160 2634 not.
207 2583 222 2632 5
238 2578 399 2634 cicatricem
411 2581 453 2649 ool
459 2602 465 2634 ε
488 2581 660 2649 -eesrb(M)
681 2579 685 2650 Ι
705 2578 1114 2648 perducunturhoeoerotopb:

105 2649 191 2703 ducit.
222 2649 283 2704 Hoc
302 2651 396 2704 ceroto
415 2652 434 2705 d
451 2649 590 2720 <perducit
606 2650 661 2704 hoe
679 2650 804 2704 cerotum
821 2666 849 2719 r,
867 2649 1057 2718 perducuntur
1075 2649 1114 2702 sio

106 2720 209 2790 Mare.)
284 2727 298 2773 t
318 2720 421 2775 selibra
440 2722 477 2774 M
480 2744 487 2775 ε
512 2720 585 2776 libra
608 2722 677 2789 (sine
694 2737 769 2774 nam.
787 2721 841 2788 pel,
860 2720 932 2774 libra
949 2736 1006 2773 una
1023 2720 1078 2787 rb).

104 2797 121 2845 8
139 2807 201 2845 cere
215 2792 268 2862 (re
281 2792 308 2860 9)
327 2791 391 2845 albe
409 2791 483 2845 libra
494 2793 536 2860 pei
550 2792 659 2859 (addidi
668 2793 703 2859 e).
726 2792 790 2845 boec
803 2792 843 2844 aie
855 2792 935 2845 babet
948 2807 963 2843 r
977 2791 1060 2859 (uode
1073 2791 1113 2858 b):

105 2865 133 2916 et
152 2878 174 2915 o.
189 2878 215 2915 a.
233 2862 399 2916 tantundem
413 2879 447 2916 ex
461 2862 517 2916 olei
534 2861 621 2916 rosati
640 2861 712 2916 libra
729 2877 785 2914 una
802 2860 923 2914 remittis
942 2861 971 2914 et
993 2859 1113 2913 dimittis

103 2932 268 3002 refrigerare
282 2934 329 3001 (al.
341 2933 396 3000 M).
421 2931 493 2987 rosei
506 2933 533 2986 ri.
572 2939 675 2986 11—14
689 2929 965 3001 prodest—mixtum
978 2931 1019 2998 yet
1033 2934 1058 2982 et
1072 2930 1112 2982 bu

104 3005 171 3072 (aiei
188 3004 260 3073 quod
278 3004 322 3057 bie
340 3020 404 3057 oum
422 3019 502 3057 cerae
521 3002 585 3057 albo
604 3003 689 3069 libra,
717 3001 813 3055 deinde
836 3000 919 3069 ooopi
941 3001 1005 3068 tepit
1025 2999 1113 3065 Tora:

104 3076 174 3129 Item
196 3074 303 3130 resinae
326 3073 466 3143 pietumae
491 3071 580 3127 librae
603 3090 657 3127 sex.
691 3088 770 3144 cerae
793 3071 874 3125 albae
892 3070 990 3124 unciae
1013 3086 1061 3123 sex
1084 3070 1113 3123 in

104 3145 166 3199 oleo
191 3146 383 3215 decoquuntur
410 3143 451 3197 ita
479 3145 511 3197 ut
537 3143 643 3213 pistillo
671 3141 841 3196 misceantur
869 3143 898 3195 et
922 3140 1016 3209 oeopi.
1030 3140 1113 3195 modo

104 3218 264 3283 pungantur
286 3217 403 3283 elunde
421 3215 456 3283 b).
495 3219 527 3267 12
546 3231 608 3268 cere
627 3213 690 3267 albe
709 3213 811 3266 selibra
825 3229 856 3280 p,
875 3228 897 3266 o.
914 3227 938 3265 a.
958 3212 982 3264 si
1000 3210 1072 3264 libra
1086 3212 1112 3265 d.

152 3286 194 3338 tit.
222 3286 263 3340 De
289 3285 418 3355 alopieiis
441 3301 471 3354 9,
498 3283 707 3352 Deallopiciia
733 3282 861 3336 curandis
886 3283 913 3336 d.
997 3286 1028 3335 15
1047 3282 1114 3335 Alo-

102 3354 176 3424 pieie
193 3372 222 3422 p,
240 3356 377 3425 Allopieie
395 3357 422 3410 d.
478 3360 510 3409 16
529 3355 582 3409 hoe
600 3355 652 3423 pei:
670 3353 743 3406 hane
760 3354 804 3408 rb.
852 3357 882 3406 17
902 3351 1000 3421 itaque
1017 3367 1066 3407 orn.
1077 3353 1113 3404 rb

104 3425 355 3494 (necessariumque
383 3428 422 3493 r).
545 3431 578 3481 18
611 3424 785 3494 complentur
816 3424 861 3492 φά
904 3422 1010 3491 (explet
1042 3423 1112 3489 Pl.):

103 3494 286 3549 emendantur
302 3497 338 3550 rb
361 3497 465 3565 (Maec.
479 3513 509 3564 p.
529 3498 583 3565 46).
