2416 3900
527 153 744 216 .-90.,

397 317 497 376 cancri
532 315 682 377 fluviatilis
714 315 793 376 oculi
825 317 903 377 eruti
939 314 1142 397 adalligantur,

264 415 368 480 topos.
396 406 462 484 ipse
483 422 591 465 cancer
617 406 648 466 in
672 422 747 483 aqua
774 405 946 465 remittitur.
982 403 1076 483 puleii
1098 423 1142 465 ra·

327 571 329 576 ,
396 511 463 555 mus
494 494 526 553 in
554 492 618 552 lana
656 492 813 554 involutus·
838 501 906 555 anto
942 495 1144 555 accessionem

282 593 369 658 2238.
396 581 580 643 olfaciendus
603 581 690 643 datur
713 589 764 643 aut
787 584 887 643 stratis
910 580 1058 643 subditur.
1094 600 1143 644 ur·

396 673 472 733 tioae
491 670 669 732 autumnalis
686 670 770 731 radix
789 670 937 750 alligatur:
959 672 986 732 is
1009 673 1062 750 qui
1080 679 1168 732 eam⁵

398 759 516 821 effodiet
543 758 632 821 debet
659 761 811 821 nominare
834 778 904 821 eum
931 761 981 821 cui
1007 759 1145 822 medetur

264 861 369 924 24170.
397 857 428 911 et
451 848 560 929 quihus
579 847 754 929 parentibus
772 857 861 910 nattis
883 850 930 910 sit.
958 847 1052 909 herba
1070 867 1145 928 quae

397 941 430 998 in
452 936 626 998 fluminibus
648 945 700 998 aut
722 939 794 998 rivis
817 939 950 998 nascitur
973 936 1146 1016 adalligatur

397 1029 429 1088 in
456 1026 538 1088 laevo
565 1025 686 1087 brachio
719 1026 791 1105 quid
822 1028 861 1087 sit
892 1027 1053 1108 nescienti,
1085 1034 1145 1089 ter·

397 1118 492 1176 tianas
506 1115 641 1177 discutit:
663 1114 722 1194 legi
740 1113 860 1176 debebit
878 1123 945 1175 ante
960 1115 1185 1177 solisortum1⁰

274 1217 371 1280 30‚104
399 1207 442 1266 sic
461 1212 495 1265 ut
514 1222 583 1266 eum
602 1206 654 1283 qui
673 1203 784 1282 colligit
803 1221 889 1264 nemo
903 1202 1008 1265 videat
1035 1204 1145 1265 lacerta

133 1289 188 1358 (biv
206 1305 257 1344 ⁰²⁷³·
275 1286 317 1354 ro,
335 1287 370 1355 0f·
398 1293 501 1355 viridis
528 1295 592 1353 viva
619 1292 793 1371 adalligatur
817 1294 849 1355 in
877 1311 945 1352 vaso
973 1292 1054 1372 quod
1081 1311 1146 1354 eam

188 1365 271 1430 alr).
298 1388 335 1442 ib.
399 1384 503 1462 capiat.
544 1384 644 1442 aranei
675 1380 733 1443 tela
763 1380 885 1442 cuilibet
914 1380 1074 1460 emplastro
1101 1384 1144 1443 in·

311 1479 326 1512 *
399 1472 531 1533 fricatur.
567 1470 705 1549 idemque
733 1470 926 1549 emplastrum
955 1477 989 1531 ut
1015 1469 1090 1532 libet
1113 1472 1144 1531 in

398 1559 478 1621 aluta
505 1565 654 1637 tamquam
678 1559 854 1619 anacollema
885 1560 1050 1638 imponitur
1077 1565 1185 1620 ante1⁵

399 1650 600 1708 accessionem
620 1655 649 1707 et
667 1665 760 1726 aquae
775 1646 899 1726 frigidae
918 1647 1022 1708 decem
1040 1649 1143 1709 unciae

398 1736 550 1798 bibuntur.

359 1989 368 2005 ,
465 1937 573 1993 ΧἮΙ.
596 1937 651 1993 Ad
673 1936 786 1992 febres
808 1937 1006 2006 periodicas.

267 2069 372 2132 32‚113.
467 2055 554 2116 lecur
572 2054 704 2135 delphini
721 2063 788 2116 ante
808 2058 1008 2117 accessionem
1025 2063 1144 2136 gustan-

300 2150 337 2206 ib.
383 2141 472 2205 'dum
499 2144 594 2206 datur.
635 2147 666 2205 in
693 2144 776 2205 aselli
806 2146 897 2224 piscis
929 2145 1024 2224 capite
1056 2143 1147 2224 lapilli

401 2235 453 2313 qui
474 2232 561 2312 plena
584 2232 654 2293 luna
676 2235 788 2294 inventi
812 2240 881 2294 sunt
903 2231 1098 2313 adalligantur
1115 2235 1147 2294 in
1161 2243 1189 2283 2⁰

135 2329 373 2400 (31,104.)at,114.
400 2320 530 2382 linteolo.
557 2320 629 2382 utile
644 2329 690 2382 est
703 2323 797 2401 irrigari
810 2320 875 2382 oleo
890 2329 920 2382 et
934 2320 1002 2382 sale.
1031 2324 1147 2384 cancris

400 2409 591 2470 fluviatilibus
625 2412 705 2470 tritis
741 2413 772 2470 in
804 2410 869 2471 oleo
902 2418 932 2471 et
966 2428 1042 2490 aqua
1078 2419 1147 2472 ante

268 2513 373 2575 28228.
401 2500 602 2559 accessionem
623 2501 772 2578 perungui
794 2506 921 2579 oportet.
957 2499 1062 2562 oculus
1084 2499 1149 2580 lupi

400 2587 505 2648 dexter
540 2586 636 2649 salsus
670 2587 843 2666 adalligatur
878 2595 946 2648 ante
982 2587 1148 2651 meridiem.

207 2803 221 2851 1
238 2796 392 2867 alligentur
406 2797 466 2851 db·
504 2801 521 2849 2
534 2795 596 2867 ipse
608 2797 683 2865 prol
691 2795 790 2866 ipsed.
807 2797 811 2859 Ι
826 2795 857 2849 in
871 2795 1013 2865 equo(oic)
1043 2795 1112 2849 deb.

136 2874 240 2924 oniare
250 2870 276 2924 d.
314 2874 330 2922 8
345 2867 480 2937 alligatur
490 2867 517 2935 d,
528 2867 604 2922 tob.
641 2873 656 2921 9
669 2865 739 2936 quid
748 2865 851 2936 sitgrb
861 2866 944 2936 (Pl.):
959 2810 1113 2936 quodlicet.

137 2948 170 2997 10
189 2938 304 2996 debebit
320 2956 350 3008 p:
370 2937 455 2993 debet
472 2938 522 2993 db.
577 2944 609 2993 11
630 2937 724 3006 sicque
743 2939 775 2991 ul
792 2952 856 2991 eum
878 2953 960 2991 nemo
979 2934 1076 2992 videet
1098 2936 1150 3006 qui

136 3011 246 3082 colligit
267 3012 294 3067 d.
350 3016 383 3065 12
403 3008 538 3078 alligatur
554 3009 580 3063 d.
607 3010 611 3076 Ι
635 3024 703 3064 vaso
725 3024 756 3077 p:
781 3024 848 3063 vase
866 3008 893 3062 d.
952 3013 985 3061 13
1006 3006 1102 3077 capiet
1118 3023 1149 3077 g:

136 3083 259 3154 occipiat
281 3084 307 3140 d.
333 3082 338 3151 l
362 3080 421 3139 tela
436 3078 637 3135 ...infricatur
657 3080 715 3132 Pl:
743 3082 800 3134 tres
871 3076 1038 3134 infricentur
1055 3078 1149 3148 gdrb.

172 3161 204 3210 15
228 3155 305 3211 elate
328 3154 355 3208 d.
381 3154 385 3221 l
410 3150 575 3207 enccoleme
592 3151 646 3220 gd,
673 3149 830 3205 anacolimo
847 3166 870 3204 r.
931 3155 964 3204 16
983 3150 1014 3204 el
1035 3165 1108 3219 equo
1131 3149 1152 3204 d

137 3229 259 3297 (quoque
278 3241 367 3296 equae
385 3223 447 3293 rb):
466 3238 500 3278 ea
518 3237 590 3304 quae
608 3237 634 3292 g.
705 3222 748 3278 tit.
770 3220 815 3276 Ad
832 3220 923 3275 febres
946 3219 1105 3291 periodicas
1122 3220 1151 3286 d,

135 3317 194 3352 xvn
221 3296 266 3352 Aa
288 3297 308 3352 f.
331 3293 461 3367 periodos
488 3293 680 3362 (drosaico.)
706 3290 737 3346 id
765 3295 807 3348 est
833 3307 905 3361 quae
931 3289 967 3346 de
990 3289 1151 3347 accessione

135 3371 286 3422 nascuntur
302 3384 328 3437 p.
376 3371 409 3420 19
428 3365 523 3420 datur:
543 3365 586 3420 eol
603 3364 629 3420 d.
680 3369 714 3418 20
733 3362 886 3434 alligentur
903 3362 952 3417 db.
998 3367 1032 3416 22
1052 3359 1150 3418 duvio-

134 3435 565 3562 111111εᾶ1(1)1.)ιὲ12νὶ2111)18
583 3452 606 3505 r,
633 3433 823 3491 fluminalibus
846 3435 873 3490 d.
900 3434 904 3501 Ι
930 3435 960 3489 el
981 3433 1012 3487 in
1029 3449 1105 3503 equa
1124 3434 1151 3488 d.

172 3512 207 3560 24
224 3523 242 3560 a
264 3508 424 3575 igeturd.
600 3543 604 3549 ·
