2416 3900
529 176 661 253 -gp
710 212 751 221 ..

300 343 336 397 ib.
401 359 470 400 cum
501 339 587 399 melle
621 340 784 400 decoctum.
831 339 950 419 quidam
987 340 1024 400 ad
1055 360 1152 421 panos

267 440 372 503 eruco.
400 436 527 490 utuntur
557 428 611 487 bac
639 430 867 505 compositione:
890 425 985 488 'cerae
1014 436 1046 489 et
1073 434 1152 493 turis

401 516 555 576 drachmas
582 517 713 596 vicenas,
747 534 868 595 spumae
897 519 1013 594 argenti
1044 518 1152 581 drach·

401 623 464 665 mas
496 618 557 686 xn,
594 607 742 665 muricum
778 607 887 665 cineris
923 605 1079 668 drachmas
1112 623 1152 670 x:

399 695 598 772 permiscetur
626 701 726 753 tusum
757 702 787 778 et
814 693 932 753 additur
956 713 991 754 eo
1020 694 1078 756 olei
1101 706 1178 757 ve·⁵

401 784 473 842 teris
496 780 622 842 hemina.

468 929 525 984 v1.
548 929 604 984 Ad
626 931 783 985 strumas.

268 1040 372 1102 23‚130.
468 1029 605 1108 Caprifici
633 1030 775 1089 corticem
802 1031 1052 1091 intumescentem
1073 1050 1151 1112 puer

401 1117 530 1198 impubis
553 1120 578 1178 si
602 1117 734 1177 detracto
753 1135 836 1190 ramo
855 1117 938 1178 tollat
961 1117 1101 1179 dentibus
1120 1129 1151 1180 et

401 1206 528 1268 medulla
547 1208 611 1286 ipsa
630 1205 767 1283 alligetur
787 1213 854 1266 ante
873 1205 943 1265 sobs
962 1213 1063 1268 ortum
1080 1225 1149 1286 pro·

285 1306 372 1368 3288.
400 1294 504 1356 hibere
533 1301 662 1355 strumas
690 1301 814 1354 constat.
852 1293 1027 1355 echinorum
1054 1302 1191 1357 testae1⁰

402 1392 542 1444 contusae
572 1401 640 1443 cum
667 1381 795 1442 alumine
823 1401 860 1442 ex
892 1382 957 1442 oleo
986 1390 1087 1444 vetere
1120 1392 1151 1446 et

269 1482 373 1543 nopai.
400 1471 491 1551 pulte.
528 1472 709 1531 nasturtium
732 1489 801 1531 cum
828 1471 959 1531 lomento
986 1473 1151 1533 contritum

268 1570 372 1631 20141.
402 1561 590 1639 superposito
614 1557 684 1618 lolio
707 1558 843 1620 hederae.
876 1559 1060 1620 marrubium
1079 1577 1150 1621 cum

135 1658 239 1725 22,143.
268 1657 373 1720 22‚154.
402 1647 495 1727 adipe.
532 1646 596 1706 lens
619 1649 651 1706 in
672 1655 756 1707 aceto
779 1648 917 1708 discocta.
954 1647 1090 1728 lupinum
1113 1667 1151 1709 ex

268 1746 373 1810 23‚118.
402 1743 485 1797 aceto
513 1743 632 1795 coctum
664 1738 894 1815 contritumque.
937 1736 1007 1797 lolia
1038 1736 1088 1797 lici
1120 1744 1190 1798 et1⁵

286 1836 372 1896 aluo
401 1826 475 1885 ficus
493 1826 640 1884 inmatura
659 1842 718 1884 una
737 1831 804 1884 tusa
826 1826 1029 1903 imponuntur.
1058 1843 1150 1886 sucus
1192 1896 1195 1901 ¹

286 1924 373 1992 2431,
400 1912 508 1992 pilulae
547 1915 682 1991 cupressi
718 1930 755 1971 ex
791 1912 946 1973 fermento.
991 1911 1151 1992 galbanum

400 2018 509 2079 perse
532 2003 703 2079 imponitur.
737 1999 914 2062 exulceratis
937 2003 1061 2062 strumis
1084 2019 1149 2062 rnu-

285 2100 372 2162 3030.
401 2088 492 2149 stelae
520 2091 639 2167 sanguis
667 2088 811 2149 inbuitur.
857 2089 983 2149 mustela
1011 2107 1047 2149 ex
1080 2091 1149 2150 vino

291 2179 336 2234 ob.
401 2176 531 2238 discocta
549 2179 720 2256 imponitur.
758 2176 874 2237 cocleae
893 2195 962 2237 cum
980 2179 1150 2238 suistestis
1164 2187 1191 2228 ²⁰

285 2277 372 2338 30,37.
400 2273 498 2326 tusae:
531 2265 567 2324 ad
594 2265 651 2324 hoc
679 2265 792 2324 iaciunt
819 2267 930 2344 optime
954 2282 1029 2343 quae
1053 2265 1150 2325 salici·

300 2356 336 2419 ib,
400 2352 456 2413 bus
480 2352 648 2413 adbaerent.
682 2355 756 2413 cinis
775 2353 885 2431 aspidis
904 2372 972 2413 cum
991 2350 1062 2413 sevo
1084 2361 1150 2414 tau·

207 2527 220 2575 1
240 2537 328 2590 panas
344 2523 387 2591 pol
405 2522 560 2591 (paniculas
577 2523 632 2591 rb).
705 2529 721 2576 2
740 2523 844 2593 Recipe
864 2524 969 2591 (cerae.
981 2564 986 2576 .
999 2524 1016 2592 .)
1040 2523 1104 2577 add.
1124 2540 1148 2578 r.

170 2591 337 2662 3drugmas
355 2593 402 2661 poi.
430 2595 434 2661 Ι
459 2594 520 2661 (bis)
539 2593 669 2663 dragmas
687 2610 717 2662 p:
736 2594 755 2664 3
774 2596 800 2649 ct.
873 2598 940 2648 500
959 2610 989 2662 p:
1016 2608 1066 2648 om.
1084 2592 1112 2647 d.

134 2661 176 2717 tit.
195 2662 240 2716 Ad
259 2665 380 2717 strumas
398 2663 429 2717 id
442 2666 485 2718 est
498 2664 599 2719 strofas
617 2664 731 2732 (scrofas
744 2665 803 2719 iud.
818 2666 908 2733 capp.)
927 2679 981 2732 que
995 2664 1152 2718 nascuntur

132 2728 163 2785 in
181 2734 295 2801 gutture
312 2750 343 2802 p,
361 2734 406 2788 Ad
425 2736 545 2790 strumas
565 2752 619 2804 que
638 2735 789 2790 nascuntur
806 2734 836 2788 in
855 2750 969 2804 corpore
987 2735 1015 2789 d.
1062 2739 1077 2787 ‘1
1098 2733 1151 2789 (ia-

133 2802 231 2871 profici
248 2821 273 2873 p.
346 2810 362 2859 8
380 2805 503 2875 impubis
520 2822 559 2875 qr
577 2806 658 2874 (Pl.):
676 2807 779 2875 ipuber
796 2806 822 2860 d.
848 2806 853 2873 Ι
878 2805 1045 2860 detractor.
1064 2804 1152 2860 tonat

132 2874 206 2942 pdr:
227 2873 393 2930 detractor.
413 2876 545 2930 detrahat
564 2877 609 2931 Pl.
682 2881 716 2930 10
735 2876 923 2930 Aechinorum
960 2916 966 2928 .
1031 2879 1064 2928 11
1086 2891 1152 2929 oum

133 2942 257 3001 alumine
276 2946 399 3013 (alumen
417 2949 444 3016 p)
465 2963 498 3001 ex
516 2962 541 3001 o.
560 2965 586 3001 v.
606 2949 636 3001 et
653 2946 744 3016 pulte:
768 2963 803 3000 ex
824 2948 904 3001 aceto
924 2891 970 3000 Ill.
995 2945 1072 3013 (cnm
1090 2945 1151 3001 elu-

133 3015 209 3070 mine
224 3033 258 3071 ex
277 3015 348 3071 oleo.
378 3016 447 3072 folia
465 3017 568 3090 hedure
583 3022 629 3071 etc.
644 3034 668 3082 r,
685 3018 732 3071 red
751 3019 785 3084 cf.
800 3018 841 3071 ibi
859 3018 951 3074 inite
990 3017 1016 3086 .).
1055 3016 1152 3097 1210·

133 3090 227 3142 mento
241 3087 266 3158 p.
319 3093 352 3142 13
370 3104 481 3158 superp.
496 3088 515 3143 l.
529 3088 556 3144 h.
572 3104 622 3143 om.
639 3088 684 3141 Pl.
701 3090 704 3155 Ι
721 3087 938 3156 Marruuium,
982 3086 1112 3141 erubrum
1123 3088 1150 3142 d.

169 3163 204 3212 14
222 3157 313 3240 lupini
385 3159 459 3214 cocti
476 3176 499 3213 r.
573 3163 606 3212 15
625 3157 832 3240 contritumque
850 3175 880 3229 p:
900 3160 930 3213 et
941 3156 1104 3240 ‘contritum
1122 3159 1150 3213 d.

132 3228 1152 3382 citillabitlldixiiuilllbfiliid‘ffiibibli

133 3369 270 3423 mustelae
298 3370 442 3440 sangumis
467 3387 516 3427 sec.
546 3372 591 3427 Pl.
624 3373 659 3438 (et
682 3370 774 3426 Marc.
799 3387 831 3439 p.
854 3373 924 3440 109).
1016 3375 1049 3423 21
1078 3371 1151 3424 tuse.

106 3433 190 3553 5312
193 3435 252 3556 hio'o
265 3441 336 3562 ff
354 3442 411 3510 ad,
440 3443 538 3497 tunsae
561 3442 597 3497 ad
620 3443 673 3497 hoc
692 3442 736 3497 rb.
762 3443 767 3510 l
796 3440 927 3496 salicibus
955 3439 1062 3510 (salinis
1088 3440 1151 3508 Mt:

190 3517 248 3558 ers
306 3551 313 3563 .
