2416 3900
525 191 743 256 -75-

125 354 170 416 los
194 361 225 415 ct
249 353 388 414 remedia.
425 355 478 415 sed
505 373 573 415 cum
597 355 710 434 aliquae
739 374 788 416 res
811 356 875 436 plu-

123 443 209 504 ribus
224 443 305 503 vitiis
318 445 444 523 prosint,
458 442 633 505 brevitatem
645 452 767 505 secutus
782 463 876 524 genus

124 533 294 612 scripturae
317 531 393 610 clegi
412 531 490 610 quod
515 531 683 593 subiectum
707 541 759 594 est.

189 619 315 680 vermes
340 621 391 699 qui
413 623 444 680 in
467 620 546 699 ligno
568 629 745 703 nascuntur,
769 640 874 683 vocan-
903 631 1009 694 30‚115.

96 716 175 770 atur
199 725 314 790 cosses,
339 707 371 767 hi
393 710 457 769 triti
480 710 511 768 in
533 727 631 789 panno
653 710 822 771 inlinuntur
845 720 875 772 ot

124 797 220 858 ulceri
257 805 455 876 apponuntur.
505 797 585 858 idem
622 798 769 860 combusti
806 818 874 860 cum
937 800 973 854 ib.

123 887 204 951 ancti
235 887 301 964 pari
332 886 464 965 pondera
497 887 628 965 impositi
660 906 762 947 nomas
799 907 874 967 quos

122 982 230 1034 vocant
263 991 386 1034 canoros
418 977 535 1036 sistunt.
585 975 654 1035 iimo
687 978 786 1036 ovium
818 976 873 1037 sub
901 984 1005 1048 30,114.

122 1069 202 1123 testa
222 1060 364 1123 calefacto
383 1070 413 1124 et
431 1062 554 1124 subacto
573 1071 706 1124 tumores
722 1064 873 1146 sedantur,

83 1163 110 1202 10
123 1149 240 1212 fisttrlac
274 1158 423 1212 sanantur.
476 1169 577 1211 nomas
614 1154 723 1212 sistunt
755 1153 871 1213 cocleae
900 1161 1005 1224 30,116.

70 1278 79 1295 .
123 1240 234 1300 crudae
264 1237 300 1299 dc
324 1258 379 1300 sno
401 1247 479 1300 testo
504 1242 614 1300 eiectae
639 1247 669 1300 et
695 1243 726 1301 in
750 1240 871 1301 linteolo

121 1327 223 1389 inlitae
242 1335 273 1388 ct
292 1329 450 1408 appositae
479 1328 617 1388 cacoethe
638 1329 773 1389 emendat
792 1328 873 1390 ulula
899 1336 996 1399 30,118

122 1416 254 1477 discocta
284 1418 315 1477 in
347 1417 412 1477 oleo
441 1425 471 1478 et
498 1418 625 1477 contrita
653 1419 702 1477 cui
729 1419 872 1478 miscetur
899 1408 959 1474 (Om-
978 1411 1004 1476 a)

122 1504 263 1584 butyrum
296 1504 415 1566 ovillum
448 1513 477 1565 et
509 1505 575 1564 mel.
622 1505 725 1565 cadem
756 1509 870 1567 ratione
898 1514 995 1577 32,126

80 1603 108 1645 1⁵
122 1601 268 1657 curantur
282 1600 312 1653 et
326 1593 410 1672 cybio
420 1601 530 1674 vetare,
545 1594 623 1672 qnod
634 1602 667 1655 ut
678 1594 870 1674 emplastrum
898 1585 959 1652 (⁰m·
977 1587 1003 1654 1)

121 1699 219 1761 panno
238 1680 324 1742 inlini
342 1681 438 1743 dehet.
470 1699 587 1742 vermes
607 1681 758 1743 ulceribus
776 1685 870 1744 innati
898 1691 1002 1753 aaran.

122 1788 263 1831 ranarum
286 1769 353 1830 felle
377 1769 531 1831 tolluntur.
569 1788 643 1848 qnae
668 1780 792 1850 serpunt
815 1771 869 1831 sal-
932 1770 968 1825 ib.

121 1865 256 1919 samento
284 1861 379 1918 veteri
405 1867 474 1920 tuso
502 1861 532 1919 in
547 1881 549 1885 ’
565 1858 686 1919 modum
718 1859 871 1938 emplastri

121 1955 274 2007 curantur.
307 1948 390 2008 radix
412 1950 537 2026 peponis
557 1949 683 2008 contrita
701 1947 801 2007 ulcera
825 1956 869 2007 s'a-
898 1952 984 2016 20,11.

75 2044 107 2088 2⁰
121 2044 171 2096 nat
203 2037 235 2095 in
263 2035 384 2095 modum
412 2036 468 2096 lavi
496 2043 648 2115 concreta,
683 2054 757 2114 quae
790 2039 870 2096 ceria

119 2130 234 2184 vocant.
274 2141 375 2184 semen
398 2124 521 2203 raphani
549 2142 584 2184 ex
614 2141 688 2201 aqua
712 2126 816 2183 tritum
839 2133 869 2183 et
897 2131 984 2192 203⁷.

120 2214 288 2291 appositum
317 2213 394 2271 sistit
423 2211 523 2272 ulcera
557 2229 632 2290 quac
664 2211 868 2289 phagedaenas

193 2406 206 2452 1
237 2399 428 2468 aliquociens
455 2398 605 2468 aliquoties
628 2400 652 2455 b.
726 2403 743 2451 4
767 2397 881 2452 Vannea
909 2415 979 2467 quoa
1006 2395 1083 2464 ligno
1106 2414 1134 2450 n.

119 2471 179 2538 (cic)
197 2485 224 2539 9.
245 2472 249 2536 1
270 2469 300 2524 in
317 2470 395 2540 ligno
414 2472 433 2524 c'.
453 2486 473 2525 e.
492 2469 522 2524 in
541 2470 638 2524 arbore
658 2485 728 2524 cava
745 2467 792 2524 vel
810 2468 924 2538 putrida
939 2468 1030 2522 Marc.
1042 2482 1072 2533 p.
1088 2470 1130 2520 42.

154 2544 283 2595 ocosaea
304 2541 349 2596 Pl.
361 2542 408 2609 (r):
431 2542 521 2595 cosses
538 2542 601 2610 pdb
620 2542 680 2608 (om.
702 2541 758 2609 Μ).
783 2539 787 2608 l
812 2539 865 2594 hoe
883 2539 945 2594 triti
962 2555 987 2608 9.
1014 2539 1017 2606 Ι
1042 2535 1134 2590 linun-

116 2611 165 2664 tur
181 2626 212 2680 9,
235 2609 395 2666 illiniuntur
417 2612 465 2667 olb.
538 2610 648 2665 'lanati
670 2612 816 2680 pdr(M):
840 2611 917 2664 anesi
937 2612 982 2664 Pl.
1007 2612 1012 2678 1
1036 2623 1133 2662 nomas

117 2697 190 2749 quoa
207 2697 234 2735 v.
255 2697 369 2736 cancros
388 2683 417 2736 b:
436 2698 520 2735 noma
534 2683 627 2750 (nomo
642 2682 671 2750 d)
690 2681 764 2749 quod
778 2683 881 2736 vocant
899 2697 999 2735 cancer
1011 2681 1065 2749 od,
1084 2695 1132 2734 no·

117 2766 179 2804 mae
198 2750 274 2820 quod
288 2754 333 2807 cat
351 2767 479 2807 canoerr
496 2753 607 2820 (sanant
625 2751 814 2806 carcinomata
833 2751 888 2820 M).
939 2753 1045 2807 9testa
1057 2751 1133 2820 pdb:

117 2822 193 2876 testo
213 2822 260 2878 Pl.
278 2823 418 2891 (sublecta
435 2824 470 2892 r).
543 2829 576 2877 10
595 2824 728 2877 sanantur
744 2824 782 2892 pb
806 2824 971 2894 (purgantur
989 2823 1089 2878 sanant
1124 2851 1133 2859 -

119 2907 175 2960 que
188 2893 258 2961 Pl.):
274 2893 406 2947 sedantur
415 2895 533 2962 (iterum)
544 2895 563 2946 ol
573 2892 689 2962 (listulas
697 2895 801 2964 purgat
809 2896 843 2963 r).
859 2897 863 2962 Ι
879 2911 964 2949 noma
974 2893 1075 2949 sistunt
1082 2893 1131 2960 pd.

155 2968 187 3017 11
208 2979 259 3018 suo
277 2965 352 3018 testo
369 2980 388 3033 p
407 2966 488 3032 (teate
507 2965 548 3033 b):
574 2981 625 3018 aua
642 2965 716 3019 testa
734 2967 760 3021 d.
834 2970 866 3019 12
886 2965 1017 3020 cacoethe
1041 2977 1132 3017 emen·

118 3032 171 3088 dat
188 3034 256 3102 (Pb,
282 3034 374 3091 Marc.
390 3036 406 3088 l.
422 3037 468 3102 c.):
492 3051 580 3103 acque
596 3037 719 3104 (equod)
734 3036 885 3090 emendant
902 3037 959 3102 (rel.
974 3035 1012 3089 col
1022 3031 1131 3100 priora)

115 3105 190 3228 pdb.
216 3107 221 3170 Ι
246 3104 325 3160 ulula
343 3105 424 3173 (aria)
444 3106 503 3158 Pt:
531 3105 615 3160 Violo
631 3107 694 3175 pail>
714 3106 804 3174 (inula
823 3107 880 3175 M).
954 3109 987 3158 14
1016 3100 1133 3156 ovillum

137 3173 245 3228 utinum
264 3174 290 3230 d.
364 3181 397 3230 15
417 3177 446 3230 et
464 3175 667 3232 cibio-debet
684 3178 735 3246 pb:
754 3194 804 3231 om.
823 3177 843 3230 d
860 3176 920 3245 (nbi
936 3175 976 3228 sic
994 3172 1091 3228 eadem
1108 3188 1130 3226 r.

116 3247 261 3299 curantur.
289 3245 405 3300 Vermes
423 3251 469 3301 cic.
494 3246 603 3314 (eadem
620 3266 642 3302 r.
661 3249 793 3301 curantur
816 3245 979 3310 citabere,
1007 3243 1056 3297 aad
1078 3241 1131 3295 hoc

114 3314 353 3385 vitiiemplaetn'
374 3333 466 3386 panno
490 3317 571 3372 inlini
593 3318 677 3372 debet
704 3318 797 3370 Marc.
815 3332 846 3384 p.
866 3318 920 3381 42).
994 3319 1026 3368 16
1045 3311 1132 3382 panni

117 3385 178 3453 (ric)
197 3402 223 3455 9.
297 3392 332 3442 20
350 3386 408 3442 favi
425 3387 555 3456 pb(Pl.):
574 3387 634 3442 fani
652 3388 678 3440 ol.
705 3389 709 3452 1
735 3401 806 3454 qnae
825 3384 900 3438 ceria
918 3385 1026 3455 b(Pl.):
1045 3400 1131 3453 quam

114 3470 219 3512 cerean
227 3458 277 3526 pd.
301 3462 335 3512 22
346 3460 375 3512 et
383 3459 544 3527 appositum
554 3459 570 3512 b
581 3458 630 3524 (M
637 3457 672 3523 cs.
684 3456 753 3525 Pal:
763 3471 816 3511 om.
825 3456 876 3526 qa.
889 3455 1094 3520 lauicanaa'xat‘m
1103 3453 1150 3515 aa

114 3525 318 3595 phagedaenas
326 3528 386 3584 PL:
398 3527 537 3584 faridinas
550 3544 578 3600 p,
592 3526 776 3596 interlineali,
786 3525 991 3598 cumcuma
1002 3518 1169 3590 raanan-
