2416 3900
534 184 753 250 -62-

404 348 480 428 ginis
503 346 550 408 vel
576 346 645 407 folia
667 346 712 406 vel
740 346 855 407 radices
882 353 969 425 potae
998 364 1035 406 ex
1062 364 1153 426 passo
1186 362 1189 373 ·

218 481 220 484 ι
270 447 374 511 28912.
402 444 537 515 prosunt.
574 437 672 496 vesica
691 437 754 514 apri
777 437 808 494 in
827 435 893 496 cibo
912 433 988 495 elixa
1011 438 1152 497 sumitur.

270 535 375 601 28913.
403 523 514 603 leporis
541 542 628 585 renes
656 525 812 585 inveterati
841 526 872 585 in
900 525 968 584 vino
997 526 1062 604 poti
1092 524 1152 586 cal·

302 616 339 671 ib.
404 612 486 673 culos
508 612 631 693 pellunt.
668 613 795 691 ungulae
824 615 894 691 equi
922 613 998 672 cinis
1022 631 1059 673 ex
1082 614 1152 674 vino

403 700 450 761 vel
472 719 548 780 aqua
570 700 690 762 bibitur.
1164 712 1179 755 ⁵

372 897 376 903 ’
468 901 594 958 xum.
618 901 890 958 Incontinentlee
912 901 1031 959 urinae

270 1030 374 1094 28,215.
469 1013 587 1081 Verrini
600 1021 736 1100 genitalis
755 1015 1011 1100 cinerem'potare
1025 1039 1064 1082 ex
1081 1024 1152 1083 rino

403 1109 482 1172 dulci
501 1116 631 1191 oportet,
649 1111 681 1170 in
699 1112 781 1170 canis
800 1108 896 1169 cubile
914 1112 1034 1170 urinam
1051 1110 1152 1172 lacere

402 1207 432 1260 et
459 1198 532 1259 haec
561 1197 650 1259 verba
679 1199 791 1280 dicere,
819 1216 856 1258 ne
882 1200 946 1277 ipse
968 1199 1088 1260 urinam
1109 1199 1151 1260 la·

301 1289 338 1346 to
402 1289 459 1348 ciat
483 1289 561 1348 sicut
580 1289 662 1348 canis
684 1288 716 1347 in
736 1305 790 1347 suo
810 1285 909 1347 cubili.
936 1285 1067 1366 ungulae
1087 1289 1152 1367 apri

331 1418 337 1431 .
401 1375 446 1435 vel
474 1377 537 1435 suis
565 1377 639 1434 cinis
666 1377 780 1454 potioni
810 1376 1001 1455 inspergitur.
1037 1375 1150 1455 leporis
1163 1386 1190 1427 1⁰

308 1466 313 1477 ¹
332 1508 337 1521 .
403 1462 561 1523 cerebrum
579 1465 609 1522 in
629 1465 697 1523 vino
715 1462 842 1545 bibitur,
865 1472 895 1524 et
914 1463 1048 1524 eiusdem
1066 1467 1151 1525 testi·

322 1598 329 1625 ‚
367 1598 373 1611 .
402 1550 462 1611 culi
484 1552 556 1611 tosti
580 1551 717 1612 eduntur.
754 1569 894 1612 anserum
916 1554 1009 1612 trium
1029 1551 1151 1631 linguae

307 1641 337 1696 ‘.
402 1657 484 1700 assae
508 1642 539 1700 in
563 1638 629 1700 cibo
655 1647 831 1701 sumuntur.¹
860 1639 976 1701 cocleae
1000 1641 1151 1702 africanae

402 1746 470 1789 cum
489 1746 577 1788 carne
597 1747 650 1789 sua
665 1728 882 1790 comburuntur
897 1730 1031 1809 cinisque
1046 1747 1151 1791 earum

401 1834 437 1877 ex
460 1818 527 1877 vino
551 1816 671 1878 bibitur.
1164 1826 1190 1869 1⁶

466 2015 610 2073 xva.
633 2017 872 2073 verendorum
894 2015 996 2075 vitiis.

321 2183 327 2209 ,
367 2181 372 2194 .
467 2132 672 2196 verendorum
695 2137 774 2197 vitiis
797 2138 823 2195 si
846 2136 1013 2195 formicatio
1035 2136 1075 2196 sit
1096 2142 1151 2196 aut

400 2241 538 2304 verruca,
566 2226 683 2284 arietini
705 2224 855 2304 pulmonis
879 2225 976 2283 sanies
1003 2223 1149 2284 inlinitur.

306 2315 335 2367 '.
401 2313 509 2371 ceteris
532 2314 611 2373 vitiis
634 2314 827 2373 arietinorum
848 2311 991 2373 vellerum
1014 2314 1091 2373 cinis
1111 2330 1150 2372 ex

305 2403 335 2455 '.
399 2417 488 2479 aqua,
517 2418 619 2461 sevum
638 2419 674 2461 ex
693 2407 812 2462 omento
833 2400 963 2479 pecudis
986 2402 1149 2480 praecipue
1194 2450 1199 2457 .

401 2486 437 2546 ab
460 2487 583 2549 renibus
607 2488 735 2549 admixto
758 2491 886 2569 pumicis
909 2490 1009 2550 cinere
1034 2498 1065 2550 et
1087 2488 1148 2549 sale
1162 2502 1189 2544 ro

252 2577 257 2588 '
307 2577 337 2631 ‘.
400 2577 575 2659 imponitur,
589 2577 655 2637 lana
670 2578 771 2639 sucida
786 2597 822 2638 er
836 2595 912 2656 aqua
925 2577 1041 2656 frigida.
1077 2595 1150 2637 caro

204 2780 345 2836 2ressica
362 2798 387 2850 9.
460 2784 616 2853 ipellunt:
640 2784 802 2840 solvuntci
875 2785 916 2838 ott.
940 2782 1151 2840 Incontineniin

130 2852 274 2923 minaep,
293 2853 338 2907 Ad
356 2852 589 2909 incontinentiam
603 2854 682 2910 urine
696 2856 721 2910 d.
774 2854 948 2924 leubilcpz
968 2853 1002 2908 -li
1015 2855 1055 2909 db
1070 2854 1149 2924 (Pu.)

167 2959 855 3030 8999999999ωά99199999999(Ρῑ)
898 2964 1022 3015 iocrms
1039 2943 1103 3015 surr
1121 2976 1148 3031 9.

167 3039 199 3088 13
219 3049 280 3088 asse
298 3031 436 3114 lingueci.
462 3032 467 3100 Ι
492 3031 618 3101 linguam
637 3031 779 3102 liguloer.
831 3032 872 3086 tit.
831 3029 1150 3087 therendorum

130 3103 207 3160 vitiis
217 3123 240 3160 9ι
232 3101 408 3160 'formicatio
419 3102 457 3158 sit
466 3104 516 3157 cut
524 3118 657 3158 verrucae
666 3104 742 3158 rubr.
748 3118 798 3158 scr.
809 3101 891 3172 9(Ad
899 3119 957 3157 ver.
962 3100 1035 3156 vitio
1044 3100 1098 3156 sii.
1108 3100 1149 3159 sit

128 3175 175 3231 vel
192 3192 325 3232 verrucae
339 3175 381 3230 tii.
397 3175 436 3244 b),
454 3173 500 3229 Ad
513 3173 698 3229 verendorum
715 3173 787 3228 vitia
802 3173 936 3229 omniad.
965 3172 1079 3227 titulum
1095 3175 1147 3242 qui

129 3249 197 3300 ert'
185 3265 217 3302 999
234 3264 252 3317 9
270 3248 307 3317 (b)
326 3263 360 3302 cc
378 3246 438 3314 ipso
461 3248 538 3300 tectu
560 3245 671 3299 99999999
692 3245 779 3311 fuisse
792 3246 903 3326 primus
926 3243 975 3312 9999·
993 3243 1150 3312 9999999999

131 3316 224 3373 Plinii
237 3320 312 3374 iocus
325 3318 401 3372 docet
414 3318 467 3386 (30,
470 3322 503 3371 72
512 3314 705 3371 verendorum
713 3314 955 3399 formicationibus
965 3314 1091 3370 verrucis
1112 3330 1149 3385 ue

129 3388 258 3445 medetur
276 3388 390 3445 arietini
411 3386 552 3458 pulmonis
570 3385 687 3442 inassati
711 3386 815 3456 sanies,
839 3385 940 3442 ceteris
957 3383 1036 3440 vitiis
1059 3401 1137 3439 vec

129 3475 192 3512 rum
211 3502 226 3520 .
234 3502 240 3516 .
257 3463 278 3528 .)
370 3465 403 3514 16
427 3459 663 3515 Vercudorum-
673 3474 790 3542 perruca
813 3457 912 3513 addidi
934 3471 968 3511 99
990 3456 1032 3511 tu.
1057 3456 1149 3525 9(9)ι

129 3544 179 3586 om.
199 3529 226 3586 d.
300 3534 334 3584 20
354 3528 531 3600 ammixtop.
558 3533 563 3601 Ι
587 3527 696 3600 punicis
716 3530 821 3599 (sicu
