2416 3900
467 146 685 212 ..51-

66 320 192 390 stagneo
216 312 354 390 coquitur
377 318 407 370 et
435 313 532 371 ventri
558 309 701 371 inlinitur.
739 311 817 370 etsi

65 399 249 462 exulceratio
273 417 333 459 uon
356 401 407 481 sit,
435 409 551 461 ostreae
581 409 616 460 ex
646 397 742 459 mulso
766 397 815 458 de·
844 409 931 472 aaut.

64 497 169 550 coctae
189 489 327 549 eduntur.
355 488 400 549 lae
418 487 564 550 bubulum
582 489 667 567 potui
684 485 815 567 prodest.
843 497 948 560 28,211.

64 581 115 639 ius
141 579 271 657 piscium
299 579 516 638 maritimorum
547 579 579 637 in
601 578 702 655 patina
729 576 814 636 deco·
844 587 948 650 32,101.

35 682 49 724 a
64 674 185 727 ctorum
199 683 267 727 cum
280 664 404 727 lactucis
423 664 562 727 sorbetur
577 673 627 726 aut
645 682 720 743 pane
735 663 815 724 colli-

64 757 155 834 gitur.
190 754 278 814 holus
303 753 346 831 [id
368 762 414 815 est
436 753 549 832 caules]
575 754 740 815 discoctum
755 750 814 813 edi·
843 764 930 827 roeo.

63 852 116 904 tur
144 860 213 904 cum
242 841 309 903 sale.
347 861 423 922 aqua
450 844 564 903 marina
592 861 629 903 ex
657 842 726 903 alto
743 841 814 902 bau·
842 851 930 916 erpi.

62 934 156 1013 citur,
189 939 324 992 servatur
352 933 383 992 in
411 940 602 1013 vetustatem,
634 932 713 991 vires
745 929 814 990 inde

63 1018 271 1100 deponuntur:
302 1019 415 1081 bibitur
447 1038 516 1081 cum
542 1022 610 1080 vino
643 1028 694 1080 aut
721 1027 814 1100 aceto,

24 1124 50 1164 ao
62 1110 179 1169 vomitu
195 1108 402 1188 praecedente.
435 1127 541 1187 aquam
562 1110 706 1169 marinam
724 1107 815 1188 aliqui
842 1118 928 1182 abab.

63 1215 119 1277 per
134 1215 167 1257 se
183 1196 266 1278 dant,
281 1197 334 1259 sed
348 1196 495 1276 raphanos
505 1197 695 1279 supermandi
709 1193 815 1256 iubent

64 1303 100 1346 ex
121 1285 219 1346 mulso
239 1294 324 1346 aceto
342 1294 377 1347 ut
390 1292 532 1347 vomatur.
560 1285 735 1364 pulticulam
754 1282 814 1343 sili-
886 1288 901 1321 *

63 1374 142 1452 ginis
161 1373 268 1434 salsam
285 1372 362 1435 bene
386 1376 450 1436 sine
472 1374 537 1436 oleo
555 1374 700 1435 edendam
722 1371 813 1433 dabis.
907 1411 909 1415 -

129 1573 173 1631 X.
196 1574 436 1642 Dyeenterieis.

129 1689 239 1752 Holera
262 1693 394 1753 discocta
413 1711 481 1753 com
503 1692 563 1752 sale
587 1692 725 1753 eduntur.
757 1708 813 1771 per
885 1697 900 1729 *

22 1794 46 1835 aa
62 1798 95 1840 se
118 1779 203 1841 bulbi
225 1780 289 1847 trid
312 1780 420 1842 dantur
438 1782 468 1841 in
488 1783 555 1841 vino
574 1790 707 1841 austero:
729 1782 812 1861 potio
840 1791 944 1854 20,104.

59 1871 207 1930 miscetcu
231 1870 351 1930 caelesti
374 1887 458 1948 aqua.
496 1877 614 1930 coctum
633 1871 762 1930 ocimum
781 1871 812 1928 in
840 1878 946 1942 tonat.

61 1955 130 2018 cibo
154 1957 250 2019 datur.
286 1964 355 2018 ruta
374 1976 442 2018 cum
461 1976 547 2018 caseo
566 1960 675 2019 teritur
693 1958 725 2017 in
743 1959 811 2017 vino
839 1967 943 2030 20,140.

60 2046 95 2106 in
116 2045 239 2106 modurn
266 2048 374 2107 moreti
402 2053 432 2106 et
460 2049 501 2107 ita
529 2046 636 2107 editur.
674 2063 741 2106 cera
765 2064 811 2106 re·
839 2055 943 2119 rapio.
1030 2083 1033 2088 -

59 2136 153 2194 missa
180 2136 212 2194 in
238 2136 359 2213 potione
388 2134 488 2194 datter:
519 2134 586 2213 puls
614 2135 647 2194 fit
675 2151 711 2194 cx
738 2132 811 2193 alica

131 2362 148 2410 2
168 2356 191 2410 si
210 2357 429 2413 exulcerationes
448 2359 472 2414 ὅ.
490 2374 516 2429 9,
540 2357 564 2413 si
582 2356 752 2414 exulceratio
773 2355 800 2410 il
810 2368 845 2418 r:-
865 2354 971 2424 (tionis
990 2359 1078 2428 est)d

57 2426 93 2496 (si
113 2443 156 2482 er.
180 2427 218 2482 sit
239 2430 294 2499 rb).
331 2429 378 2484 sed
396 2430 430 2496 cf.
452 2429 495 2485 Pl.
515 2434 541 2484 et
559 2429 602 2484 M.
639 2430 704 2496 fort.
723 2430 805 2484 etiam
823 2427 848 2482 si
866 2426 927 2482 sine
948 2428 998 2497 (sic
1018 2428 1076 2499 Pl.)

57 2497 266 2554 exulceratione
285 2499 329 2554 sit.
355 2502 359 2567 Ι
385 2499 476 2555 mulso
494 2517 524 2571 9:
543 2500 632 2555 mulsa
650 2501 681 2569 d,
700 2515 744 2554 -se
762 2500 786 2554 b.
850 2503 866 2553 3
885 2498 943 2554 Lae
961 2500 1077 2570 prodeat

56 2567 159 2625 bubuli
171 2568 252 2638 potui
266 2570 406 2639 uspiciom
419 2571 624 2626 maritimarum
637 2572 697 2640 (sic)
711 2572 738 2625 d.
759 2573 763 2638 l
783 2570 912 2640 potatum
925 2571 1040 2639 prodest
1048 2573 1073 2629 b.

92 2639 259 2709 ipatinam
276 2641 303 2696 d.
378 2648 393 2697 6
412 2641 486 2696 idest
509 2643 538 2710 (i.
558 2643 586 2710 d)
610 2641 703 2696 caules
722 2642 764 2710 pol
782 2643 822 2710 (1):
847 2656 897 2696 om.
916 2643 961 2697 rb.
985 2645 990 2710 Ι
1020 2643 1075 2699 dis·

56 2711 155 2767 coetus
174 2711 194 2765 d
212 2712 267 2780 (tri
284 2715 324 2782 p),
350 2713 394 2768 bis
413 2716 523 2768 coctam
542 2712 714 2781 (brassicam)
741 2712 787 2766 Pl.
859 2718 876 2768 8
896 2714 1022 2768 servatur
1046 2716 1077 2771 in

54 2800 81 2838 r.
102 2781 186 2836 mam
205 2782 244 2836 M
260 2783 317 2852 (rel.
337 2786 412 2854 caol,
432 2786 613 2853 servaturque
627 2785 660 2837 ut
673 2784 813 2838 vetustate
832 2783 905 2838 vires
924 2784 1076 2854 accipiatr

54 2853 210 2924 (vetustate
227 2852 305 2909 virus
325 2854 511 2924 deponentem
531 2855 595 2924 Pl).
647 2860 663 2910 9
681 2854 863 2925 imponuntur
880 2857 923 2925 φά
942 2857 984 2925 (ut
1001 2856 1075 2913 vires

53 2922 123 2979 inde
144 2923 326 2993 imponantur
344 2927 404 2996 Μ).
430 2927 434 2992 Ι
465 2928 549 2996 autp
572 2927 654 2996 (Ptp
682 2928 712 2981 et
733 2927 780 2982 db.
856 2926 1074 2997 suprasedente

52 2992 164 3051 vomitu
181 2994 208 3049 d.
283 3002 317 3051 12
335 2997 401 3052 baec
418 2997 517 3052 ultima
534 2997 574 3052 sic
591 2998 671 3053 babet
688 3015 715 3054 r:
739 2999 811 3053 Item
828 2997 996 3068 pulticulam
1015 2996 1073 3050 aili-

51 3064 130 3137 ginis
150 3082 215 3119 cum
233 3066 423 3137 salutantum
441 3067 501 3122 sine
519 3069 582 3124 oleo
600 3068 726 3137 condies,
751 3070 780 3123 et
800 3067 916 3124 adiicias
934 3081 997 3138 apte
1021 3083 1072 3136 pu-

50 3135 715 3280 aretrectaturcroscum
731 3137 1071 3276 cccccccccc·

87 3284 125 3333 16
144 3294 221 3347 aqua
237 3297 268 3349 p:
288 3297 359 3350 aque
378 3253 452 3351 do).
473 3281 479 3349 l
503 3284 613 3337 coctum
631 3282 671 3335 db
690 3279 772 3348 (Pl.):
792 3277 899 3333 costum
917 3294 942 3346 p.
968 3281 972 3348 Ι
997 3279 1070 3335 oeci·

47 3366 132 3406 mum
150 3349 178 3404 d.
253 3356 287 3407 18
305 3352 335 3406 in
353 3353 467 3407 modum
485 3353 586 3407 moreti
609 3349 718 3418 (mereti
735 3348 796 3417 rb):
821 3364 871 3403 om.
893 3348 937 3403 Pl.
964 3352 968 3419 Ι
994 3367 1069 3406 cera:

47 3418 135 3562 gpss
146 3420 202 3562 de)
227 3426 261 3476 19
279 3423 342 3493 pule
361 3424 419 3492 (Pl.
437 3422 575 3494 pulticula
590 3421 650 3490 M):
669 3416 762 3487 pulvis
780 3417 874 3488 μάψ).
900 3421 905 3490 l
930 3437 964 3478 ex
982 3420 1068 3489 alia'y

875 3578 912 3634 ῃ
