2416 3900
496 144 737 262 „156ss

219 367 283 421 tur:
321 358 488 421 inflationes
520 359 605 441 facit,
636 357 739 420 oeulos
769 355 903 439 hebetat,
939 356 1127 419 stomachum

116 439 161 496 Pi.
168 444 220 512 (20,
230 447 333 529 laedit,
351 449 433 511 sitim
450 449 551 527 gignit
580 447 633 508 sed
651 454 734 509 recte
751 445 867 507 Plinius
886 453 990 509 noster
1009 445 1128 527 adiecit,

220 537 370 616 copiosius
389 544 536 615 sumptus.
566 536 646 597 unde
660 534 879 614 apparethaec
897 533 1126 596 omniafrustra

220 623 362 706 adscribi,
385 626 412 686 si
434 624 556 692 modum
577 631 744 705 temperare
767 618 948 702 nescimus.)
1030 673 1033 679 .

123 514 212 638 aa>

131 600 152 638 ih

71 822 76 832 ,
123 777 235 916 2542.
287 790 396 849 m·
418 791 468 846 Do
491 788 609 847 (idimo-

286 906 330 967 De
357 909 467 968 virtute
494 907 583 967 ocimi
609 924 703 987 penes
726 904 857 966 medicos
883 907 984 984 opinio
1011 907 1156 967 incerta⁶

221 1002 275 1056 est.
311 1013 380 1056 nam
407 996 459 1074 qui
481 1003 603 1057 auctore
626 993 790 1075 Chrysippo
818 995 1027 1075 criminantur,
1053 993 1127 1056 haee

220 1086 285 1144 eius
316 1085 387 1144 vitia
417 1090 610 1165 percensent,
645 1083 725 1162 quod
758 1083 797 1144 sit
828 1081 979 1143 stomacho
1011 1083 1126 1165 inutile,

220 1170 300 1252 quod
328 1171 431 1233 oculos
457 1171 592 1253 hebetet,
622 1171 703 1252 quod
730 1171 1003 1253 insaniam'iaciat,
1033 1173 1128 1233 iecori

220 1259 357 1322 obsistat:
381 1268 411 1322 et
429 1260 496 1321 ideo
510 1278 629 1340 capram
647 1278 742 1340 genus
760 1259 817 1320 hoc
836 1258 945 1319 herbae
964 1276 1128 1339 numquam

220 1351 341 1411 omnino
365 1350 546 1428 contingere.
583 1348 696 1409 addunt
717 1355 886 1429 praeterea,
909 1350 935 1408 si
956 1349 1064 1409 tritum
1085 1346 1169 1408 la-10

220 1438 289 1518 pide
317 1444 492 1517 contegatur
519 1438 699 1516 scorpiones
722 1437 816 1518 gigni,
850 1435 1127 1498 commanducatum

221 1527 305 1586 etin
329 1525 392 1586 sole
418 1527 550 1604 positum
571 1542 689 1586 vermes
716 1542 819 1585 creare
826 1571 835 1606 ,
861 1524 1016 1604 pediculos
1038 1527 1128 1586 etiam

219 1616 345 1674 nutrire.
381 1613 460 1674 Afris
486 1620 593 1693 putant
620 1612 676 1674 hoo
699 1631 765 1674 essa
792 1630 982 1695 persuasum,
1011 1614 1127 1694 siquis

221 1719 256 1762 eo
280 1701 328 1763 die
351 1719 411 1781 quo
434 1703 564 1763 ocimum
585 1703 748 1781 sumpserit
770 1719 787 1761 a
809 1704 966 1781 scorpione
993 1702 1128 1783 feriatur,

220 1803 280 1851 non
303 1807 392 1870 possa
409 1790 523 1851 salvari.
559 1789 613 1851 sed
636 1792 688 1868 qui
709 1792 741 1851 in
763 1789 881 1851 diversa
898 1792 1038 1871 opinione
1057 1798 1128 1851 sunt
1141 1797 1169 1838 ¹⁵

220 1878 294 1942 haec
317 1879 391 1940 falso
412 1878 523 1940 tradita
544 1878 726 1939 adseverant.
763 1880 836 1957 quin
860 1880 951 1939 immo
973 1878 1126 1940 stomacho

220 1965 343 2046 prodest
379 1966 457 2045 quod
494 1963 661 2027 inflationes
693 1968 758 2027 eius
794 1968 961 2029 ructuando
992 1967 1127 2029 dissolvit

221 2161 332 2234 pulvere
355 2161 514 2236 sanguinem
535 2161 680 2218 reicientes
695 2171 781 2221 curat.
813 2161 878 2218 folia
899 2162 958 2218 eius
980 2162 1045 2217 trita
1066 2177 1126 2218 cum

222 2245 279 2301 sala
300 2243 413 2301 vulnera
433 2246 587 2302 recentiora
609 2252 714 2302 curant.
751 2261 844 2302 semen
866 2247 926 2325 cius
946 2245 1043 2303 tritum
1065 2260 1127 2303 cum

221 2329 283 2386 rino
305 2336 417 2403 potatur
431 2335 527 2386 contra
549 2328 696 2404 fungorum
718 2329 944 2404 praefocationes.
975 2329 1048 2387 cocti
1068 2336 1126 2387 sto·
1141 2344 1169 2387 ro

220 2413 316 2469 macho
339 2411 434 2483 utiles,
457 2411 533 2470 crudi
556 2411 696 2470 utentibus
718 2413 827 2472 malum.

192 2619 205 2667 1
228 2613 343 2669 cebetoi
361 2613 468 2682 (ebetat
482 2615 572 2682 eorm).
589 2615 593 2684 Ι
608 2614 791 2670 Estomacum
808 2617 867 2671 cod.
919 2620 935 2668 2
973 2613 1132 2670 leninsonte

115 2698 184 2738 corr.
204 2684 261 2739 cod.
316 2686 463 2739 oromatis
482 2686 540 2740 cod.
558 2685 664 2754 (sumtu
681 2688 772 2756 cora).
792 2688 797 2756 Ι
821 2687 912 2742 husto
971 2686 978 2698 '
1026 2684 1067 2740 'bi
1088 2684 1129 2739 in·

115 2753 216 2808 obmod
236 2755 293 2809 cod.
352 2760 449 2811 o—lo
473 2771 523 2811 orn.
542 2756 570 2810 d.
631 2757 921 2825 dapium—auctore
943 2771 994 2812 orn.
1013 2771 1037 2812 r.
1058 2757 1064 2822 Ι
1087 2755 1129 2810 in-

114 2825 192 2879 certa
210 2825 253 2878 eat
275 2824 371 2893 opinio
389 2826 414 2881 d.
482 2826 567 2897 oqui
584 2828 651 2897 gol:
683 2843 734 2882 om.
758 2828 782 2883 b.
805 2831 808 2896 t
833 2826 976 2897 chrisippc
993 2842 1046 2897 go,
1069 2843 1130 2896 ery-

115 2895 194 2966 sippo
213 2895 253 2964 tt
273 2897 359 2964 atque
378 2896 569 2954 eiushsecv.
587 2915 615 2968 p.
633 2900 677 2966 ν.Ι
697 2897 879 2954 humecto.
934 2899 1132 2967 ‘ipercessent

114 2967 175 3037 (oie)
194 2982 218 3020 o.
240 2968 244 3033 Ι
269 2965 346 3035 quod
369 2966 407 3020 sii
429 2984 450 3021 s.
469 2967 571 3023 inutile
592 2970 658 3037 gol:
687 2969 761 3037 quod
784 2969 861 3025 obsit
881 2967 1093 3024 stomachord.

113 3037 250 3093 shabetdr
259 3035 376 3108 (habeo,
385 3037 518 3108 ebetati).
532 3039 673 3112 quodgol.
683 3037 687 3110 Ι
697 3039 857 3109 romscot:
867 3038 1000 3110 fautrici
1010 3038 1128 3109 ieeurig.

149 3114 165 3163 9
184 3106 305 3164 obsistat
322 3108 389 3178 gol:
412 3108 526 3164 obsistit
546 3109 592 3163 rb.
652 3115 685 3164 12
704 3110 763 3165 sole
781 3111 847 3179 gvi:
871 3109 928 3166 sele
946 3111 991 3165 rb.
1014 3111 1018 3179 Ι
1042 3109 1129 3180 peda-

113 3179 190 3235 culos
212 3197 237 3235 a.
302 3184 336 3234 13
358 3179 434 3235 Afris
456 3179 551 3249 (Affris
570 3180 589 3249 l)
611 3181 715 3250 putant
731 3181 786 3236 hoc
803 3182 870 3251 gol:
892 3179 999 3251 Aphris
1017 3195 1130 3250 quoqne

115 3250 169 3305 hoo
186 3250 348 3321 putentrb.
385 3251 577 3320 losuntgol:
597 3251 710 3309 sintrb.
743 3252 927 3308 loobhincda
945 3250 1078 3307 Ocimum
1095 3253 1129 3306 st

112 3338 154 3388 pr.
173 3326 220 3376 ete.
241 3325 245 3391 Ι
270 3320 339 3391 quin
355 3320 442 3378 immo
452 3321 626 3377 —diaaolvih
642 3324 708 3392 gol:
736 3322 804 3392 quin
821 3323 879 3377 imo
897 3321 1058 3378 inflationes
1074 3323 1130 3378 sto

114 3391 208 3444 machi
225 3395 307 3447 ructu
325 3391 454 3447 dissolvit
477 3395 600 3461 (coctum
622 3409 685 3448 cum
703 3395 797 3460 aceto,
820 3394 1129 3464 chrominnam)

103 3459 149 3511 rb.
207 3466 245 3513 17
262 3461 354 3529 quod:
373 3464 441 3532 quic
458 3465 484 3520 d.
500 3466 506 3535 Ι
525 3463 660 3519 metando
678 3463 763 3519 solvit
781 3465 807 3521 d
825 3466 829 3533 Ι
849 3463 987 3521 dissolvit.
1011 3463 1129 3520 coctum

68 3524 207 3596 filla).
230 3533 337 3601 sedcfl
358 3535 440 3594 Plio.
538 3543 543 3565 ⁸
764 3565 770 3578 ·
