2416 3900
510 159 832 225 -185—¹

121 330 172 384 aut
203 338 295 401 apyro
327 328 538 404 conteruntur,
570 323 664 382 donec
696 324 726 384 in
757 323 851 383 ceroti
883 321 1029 382 lentorem

121 410 302 471 mollescant.
343 410 400 471 hoc
423 411 591 488 adpositum
609 413 679 471 vitia
697 429 786 490 snpra
809 409 887 471 dicta
910 413 953 471 sic
977 429 1026 472 cu·

120 492 175 562 rat'
190 517 229 560 ne
251 497 288 559 ad
311 499 424 560 ierrnm
447 501 549 560 venire
572 501 708 579 patiatur.

186 586 236 648 Fit
266 605 303 648 ex
333 587 429 648 isdem
455 587 540 649 malis
572 589 695 668 ecligma
720 606 864 668 perquam
896 587 1028 667 elegans:
1073 595 1089 627 '¹‘

93 678 330 756 sdecoqunntnr
352 693 390 736 ex
411 678 479 736 vino
508 676 634 758 salerno,
662 695 753 738 sncns
776 694 935 756 expressus
958 693 1027 737 cum

120 764 207 827 molle
234 766 386 825 miscetur.
423 764 492 826 folia
521 765 694 827 vulneribus
721 765 854 845 adposita
880 767 1025 843 impetum
1071 771 1086 804 *

109 854 246 916 demeris
268 844 443 936 excludunt,
471 855 542 915 trita
565 872 634 915 cnm
661 856 741 914 nitro
768 862 799 916 et
824 853 933 934 butyro
960 872 1027 934 par·

120 943 216 1004 olidas
249 949 366 1022 sanant,
398 944 507 1003 siccata
534 951 564 1003 et
590 943 731 1022 fumigata
758 942 937 1004 carbonibus
965 961 1027 1004 ser·

119 1039 226 1110 pentes
248 1031 360 1110 lugani.
395 1032 516 1090 corticis
534 1049 625 1092 sucus
643 1031 776 1093 eiusdem
795 1049 889 1111 paene
907 1034 1028 1092 virtutis

80 1132 107 1174 ιο
120 1128 180 1200 est,
211 1120 271 1179 nisi
298 1120 378 1199 quod
410 1120 533 1180 adustus
559 1127 591 1180 ct
621 1122 653 1179 in
680 1119 834 1198 pulverem
865 1118 1027 1181 dissolutus

120 1209 229 1268 cavatis
242 1206 415 1268 vulneribus
433 1214 468 1268 nt
486 1225 606 1269 carnem
623 1207 729 1268 reddat
745 1209 907 1287 inponitur.
939 1225 1027 1268 uram

119 1298 266 1357 iacentem
283 1313 353 1357 cum
371 1295 457 1356 melle
479 1299 627 1358 contritus
645 1296 729 1357 levat.
765 1295 939 1375 genitalium
956 1297 1026 1356 vitia

119 1403 187 1445 cnm
210 1387 279 1445 rino
303 1402 444 1464 aspersus
466 1385 612 1447 emendat.

185 1530 308 1588 XLHL
340 1531 389 1588 De
413 1532 576 1599 cydoneo.

186 1629 344 1709 [Medicina
363 1650 400 1692 ex
419 1631 581 1711 cydoneis]
619 1631 756 1713 Cydonea
773 1632 895 1712 plurimi
917 1631 1039 1724 medici
1056 1661 1097 1733 D·

79 1733 104 1774 1⁵
118 1719 309 1781 eustomacha
336 1719 537 1783 crediderunt.
581 1721 684 1782 eadem
706 1721 895 1782 Dioscorides
924 1729 954 1781 et
981 1720 1121 1819 di·1,14{0·

181 1896 313 1954 ldalorum
342 1914 443 1973 genera
471 1907 536 1956 sunt
567 1898 667 1971 multa,
698 1905 787 1954 tamen
817 1896 872 1954 duo
901 1912 1022 1972 sapores.
1044 1902 1099 1971 (66)

118 1998 187 2056 qnae
208 1986 275 2038 sont
296 1980 385 2051 dulcia
407 1983 450 2038 vix
472 1991 637 2058 egeruntur,
664 1981 762 2057 dogma
784 1982 923 2054 nutriunt,
953 1981 1024 2037 iollis

117 2065 242 2122 ardorem
263 2073 390 2139 movent,
412 2065 565 2125 inflationes
586 2067 704 2137 iaciunt,
728 2068 789 2140 qnia
804 2067 844 2123 ris
867 2066 974 2122 humida
996 2074 1024 2122 et

117 2149 216 2224 frigida
237 2158 290 2207 est.
328 2158 404 2207 cocta
426 2151 554 2207 obvoluta
577 2151 606 2208 in
628 2151 712 2207 larino
734 2151 825 2207 cinere
840 2149 938 2206 obruta
961 2151 1023 2205 trita

77 2234 261 2291 soeculorum
284 2242 404 2291 tumores
432 2234 543 2292 tollunt.
582 2235 652 2292 mala
675 2234 749 2291 acida
771 2243 874 2291 matura
897 2231 1022 2289 omnibns

115 2317 269 2391 commoda,
298 2326 326 2375 ct
351 2318 421 2376 bene
448 2319 619 2394 digeruntur.
657 2327 722 2375 sunt
749 2327 776 2375 et
804 2318 921 2394 agrestia
945 2317 1022 2388 mala,

114 2403 295 2477 restringunt.
333 2410 411 2462 cocta
432 2403 502 2461 lene
524 2403 697 2480 digeruntur.
726 2415 808 2462 sucus
824 2419 919 2459 eorurn
933 2401 1022 2476 suspi-

62 2528 65 2536 .
115 2487 195 2544 riosis
217 2486 339 2560 prodest.

115 2585 329 2593 ——-—

186 2659 201 2705 1
222 2669 285 2707 cero
304 2651 406 2708 tilento
424 2654 610 2709 remolescent
622 2670 653 2723 9,
676 2653 764 2710 ceroti
782 2653 858 2708 lento
872 2653 1059 2707 temolescant
1077 2653 1129 2721 (re-

113 2723 315 2793 mollescentl)
332 2725 365 2778 ol
383 2726 417 2794 (o.
436 2724 572 2780 lentorem
590 2725 757 2779 mollescant
774 2724 830 2794 rb).
881 2723 1005 2778 lisdem
1022 2738 1053 2792 με
1071 2723 1128 2777 his-

113 2794 179 2848 dem
197 2793 305 2863 ol(rb).
327 2797 331 2864 l
356 2794 489 2865 ecligma:
518 2794 650 2866 endigma
666 2796 735 2864 ool,
758 2795 881 2851 edumno
897 2794 942 2850 rb.
1006 2795 1128 2857 tDeco-

113 2865 237 2934 quuniur
254 2865 381 2934 (duntur
397 2867 424 2935 o)
442 2866 509 2935 ool:
531 2865 703 2935 Decoquitnr
722 2865 797 2920 enim
814 2868 860 2921 rb.
879 2868 885 2932 Ι
905 2865 1034 2935 (falerno)
1052 2864 1129 2918 mala

114 2937 177 2991 add.
199 2936 215 2989 l.
233 2936 237 3002 Ι
254 2952 317 2990 cum
330 2937 399 3006 qolx
416 2938 446 2992 et
464 2953 528 2991 cum
541 2938 586 2991 rb.
633 2937 768 2992 tablino
785 2938 900 2992 etiamd
917 2938 977 3006 (qui
994 2951 1045 2990 om.
1059 2951 1129 3003 quoe

108 3007 302 3074 praecederet
320 3006 400 3062 Folia
413 3007 551 3063 malorum
563 3013 611 3063 etc.
643 3006 725 3064 Folia
742 3025 838 3064 eorum
852 3008 898 3062 rit.
915 3009 919 3074 l
936 3004 1066 3075 adposita
1078 3019 1125 3074 qo.

149 3083 166 3132 8
185 3078 287 3132 sanant
303 3079 340 3132 rb
351 3078 395 3146 (lla
414 3080 496 3133 sanai
507 3094 554 3149 qo.
601 3085 617 3135 9
637 3097 657 3135 s.
672 3095 745 3149 pene
758 3078 883 3134 eiusdem
901 3077 943 3131 ld.
991 3083 1024 3131 10
1038 3075 1126 3130 disso-

112 3148 204 3203 lutus:
232 3147 362 3203 redactus
381 3149 408 3204 d.
473 3155 506 3204 11
525 3149 687 3206 vulneribus
709 3149 816 3206 cavans
833 3149 878 3204 rb.
938 3151 971 3200 12
991 3145 1127 3201 contritus

96 3218 201 3287 'yoldz
217 3218 301 3274 uitus
314 3220 359 3277 rb.
401 3220 444 3275 tit.
459 3221 578 3290 cydonio
591 3222 646 3290 ool
660 3222 736 3287 (neo
749 3221 779 3286 b,
793 3216 906 3289 cydonio
919 3220 953 3287 r).
991 3223 1025 3273 14
1039 3216 1126 3270 Medi-

112 3290 176 3344 cina
188 3306 221 3345 ex
231 3288 355 3345 cidoneis
364 3290 508 3359 (cydoneis
551 3289 667 3361 plurimi
676 3295 723 3344 cto.
737 3289 796 3358 (sic)
805 3290 860 3359 ool
873 3289 964 3357 (tilulo
974 3287 1127 3342 cumiuitio

110 3358 1011 3500 attaminarentur“sectamurar
1027 3358 1126 3498 (rte

110 3503 214 3557 macha
225 3501 323 3561 eadem
332 3501 359 3556 d.
369 3503 430 3571 ool.
444 3501 448 3571 l
459 3502 629 3559 dioscorides
638 3503 683 3558 iric
692 3503 773 3558 etiem
781 3501 841 3573 qul
853 3503 883 3557 el
891 3499 1125 3558 adiureticamrb.
