2416 3900
446 40 685 148 ⁸--25-

70 255 137 307 ante
167 264 286 306 somnos
315 246 444 307 colluere
473 265 524 307 ora
555 253 678 325 propter
709 246 817 307 halitus
879 237 890 247 “

69 334 177 414 frigida
199 335 271 395 utile
295 335 375 396 dicit.
412 335 481 395 lolia
508 335 604 413 fagina
628 335 816 395 commandu-
845 345 931 408 24,14.
1044 332 1051 343 ¹

70 432 176 484 cantur
195 423 354 484 adversus
390 426 574 502 gingivarum
607 431 637 483 et
672 418 817 484 labiorum

69 515 146 573 vitia.
184 530 278 591 aeque
297 512 365 572 lolia
383 512 452 572 rubi
470 515 501 572 in
521 531 579 591 quo
594 530 676 571 mora
691 531 815 573 nascun-
844 521 948 584 24‚117.

45 609 127 661 otor.
166 601 299 661 eiusdem
327 603 446 680 generis
469 601 535 661 rubi
566 603 663 662 teneri
685 603 940 681 pampini-alnao
950 601 1034 670 (118.)

70 689 280 768 decoquuntur
294 708 330 749 ex
348 691 416 749 vino
431 690 467 749 ad
485 692 591 750 tertias
611 691 701 768 idque
716 692 817 751 vinum
861 769 864 772 ⁴

69 781 170 839 inore
191 781 369 839 continetur.
406 778 507 840 ulcera
530 777 707 857 plantaginis
726 797 816 839 sucus
843 786 948 851 antu.

69 867 220 948 emendat,
253 875 283 927 et
315 866 383 926 lolia
413 869 478 927 eius
511 874 608 948 cocta,
640 866 815 946 radicesque

68 958 133 1016 eius
166 955 434 1016 commanducatae.
482 955 653 1016 membrana
689 975 725 1017 ex
761 975 816 1016 ovo
844 964 931 1027 29,4o.

32 1055 56 1096 10
69 1052 154 1104 cocto
183 1043 228 1103 vel
256 1045 349 1104 crudo
377 1044 517 1105 detracta·
531 1044 678 1105 labiorum
701 1046 816 1105 fissuris

69 1132 213 1192 medetur.
264 1135 325 1192 oris
357 1132 481 1193 halitum
513 1133 649 1193 emendat
681 1135 817 1192 murinus
844 1141 931 1203 3027.

69 1222 143 1280 cinis
158 1220 227 1281 cum
245 1219 332 1280 melle
347 1221 486 1281 dentibus
503 1222 667 1281 infricatus.
699 1222 816 1300 linguae
879 1219 915 1273 ib·

69 1308 169 1369 ulcera
203 1318 233 1369 et
264 1308 411 1393 labiorum
447 1310 623 1370 hirundines
653 1329 687 1371 ex
720 1309 817 1370 mulso

69 1405 169 1458 coctae
190 1405 303 1458 sanant.
340 1397 431 1477 adeps
450 1400 606 1476 anserinus
625 1407 676 1459 aut
694 1398 816 1477 gallinae
879 1397 916 1450 ib·

31 1495 55 1536 1⁶
68 1487 159 1545 rimas
187 1484 332 1547 emendat.
375 1489 400 1546 si
428 1487 571 1547 ferventia
599 1505 632 1546 os
659 1489 740 1547 intus
768 1505 815 1547 ex·
880 1486 915 1541 ib.

68 1576 214 1656 usserint,
251 1577 393 1636 continuo
430 1583 551 1635 sanatur
587 1577 816 1654 gargarizatione

67 1662 153 1723 lactis
176 1663 283 1723 canini.
320 1663 462 1724 adversus
489 1664 633 1724 faetorem
660 1667 721 1723 oris
748 1663 817 1722 folia
845 1669 949 1733 notro.

67 1753 158 1830 myrti
190 1759 221 1811 et
253 1752 370 1818 lentisci
401 1754 466 1831 pari
498 1751 629 1831 pondere
663 1760 693 1812 et
725 1751 815 1830 gallae

67 1832 199 1919 syriacae
223 1839 377 1900 dimidium
395 1840 513 1919 pondus
536 1858 594 1900 una
617 1842 676 1900 teri
698 1848 817 1919 oportet

30 1938 56 1979 ²0
69 1936 99 1987 et
123 1931 334 2007 aspersavino
358 1936 475 1989 vetusto
498 1931 643 1988 matutino
666 1929 815 1989 mandere.

67 2014 115 2075 vel
147 2015 275 2076 hederae
307 2017 396 2077 bacae
429 2036 497 2078 cum
531 2019 625 2076 cassia
657 2025 687 2076 et
718 2034 817 2095 myrra
879 2014 915 2067 ib·

67 2106 134 2184 pari
156 2103 289 2184 pondere
320 2124 439 2184 aspersa
463 2107 539 2164 vino.
576 2104 679 2163 eadem
702 2107 816 2164 ratione

67 2191 171 2253 ulcera
203 2194 264 2253 oris
294 2194 498 2254 emendantur.
544 2191 600 2252 hoc
633 2200 663 2252 et
695 2192 730 2251 ad
758 2199 819 2251 sto

66 2279 209 2340 maehum
222 2282 345 2362 optime,
361 2282 412 2341 sed
427 2282 533 2342 melius
551 2299 704 2340 mororum
718 2281 816 2340 dome·
845 2287 949 2350 23,136.

29 2379 53 2420 ²⁵
66 2371 215 2429 sticorum
229 2372 349 2430 sextarii
363 2377 425 2430 tres
444 2369 503 2430 leni
522 2387 628 2447 vapore
648 2370 817 2447 decoquun-

140 2572 327 2643 reiningen:
342 2574 414 2629 dixit
428 2576 454 2629 d.
471 2575 475 2646 l
493 2576 750 2629 conmanducantur
765 2574 824 2643 (sic)
838 2591 863 2643 g.
915 2578 932 2626 4
947 2572 1048 2628 vitium
1059 2573 1086 2628 d.

102 2649 120 2698 8
140 2644 223 2698 cocta
240 2659 290 2700 om.
312 2645 358 2700 Pl.
385 2646 388 2713 Ι
414 2646 473 2700 eius
497 2661 547 2700 om.
571 2647 597 2700 d.
653 2651 668 2699 9
693 2644 941 2699 commanducatae
964 2644 1087 2713 aarum:

66 2714 342 2770 commasticatum,
417 2723 449 2770 11
474 2716 594 2771 halitum
617 2718 670 2784 gb:
699 2716 803 2770 vicium
826 2716 852 2770 d.
875 2718 880 2785 Ι
909 2713 1037 2770 murinus
1050 2745 1084 2755 —

10 2844 14 2857 Ι
65 2784 215 2839 infricatus
237 2786 276 2854 gb
301 2786 346 2854 (cf.
370 2787 442 2840 idem
469 2803 502 2840 erc
527 2787 571 2842 Pl.
595 2788 705 2857 sepum:
734 2803 783 2841 om.
807 2788 826 2841 d
854 2788 935 2855 (certo
963 2787 1086 2851 coneilio,

64 2860 98 2910 ut
115 2856 240 2920 viddur,
258 2872 312 2924 quo
330 2856 385 2911 oris
400 2855 504 2912 vicium
523 2858 655 2913 emendat
667 2860 705 2913 ad
721 2860 819 2926 priore
836 2859 973 2926 foretne).
999 2861 1085 2911 totwm

64 2926 217 2981 menbrum
234 2941 285 2980 om.
302 2944 327 2982 r.
402 2933 436 2982 te
454 2931 569 2982 sanatur
590 2948 639 3000 gr:
667 2930 800 3013 sanantur
823 2930 870 2984 db.
945 2934 976 2982 17
995 2926 1084 2980 foeto-

63 3013 133 3122 ‹rleessle
145 2995 338 3123 &Quone-l·
390 3003 431 3122 2129
438 3002 557 3138 ᾶξὲἓτεθηο
565 2999 885 3141 ’(εῗῗὶξϋὲὒᾚξὲθξέ
904 3070 929 3123 d.
954 3003 1084 3119 ngffi

12 3198 18 3209 Ι
64 3137 152 3207 (sid)
175 3136 277 3192 melius
296 3157 332 3193 m.
352 3137 576 3197 domesticorum.
615 3142 663 3196 sed
688 3143 728 3208 (et
750 3143 778 3208 d)
797 3139 896 3194 melius
915 3153 1011 3192 eorum
1031 3153 1084 3204 que
1155 3198 1158 3205 ,

10 3224 18 3307 g
63 3207 95 3263 in
119 3207 200 3263 rubis
223 3212 378 3265 nascuntur
400 3212 442 3279 gd
464 3213 547 3279 (uode
571 3213 620 3268 sed
642 3211 742 3267 melius
761 3210 785 3264 si
807 3227 871 3263 cum
889 3226 925 3265 m.
944 3207 1019 3264 dom.
1039 3207 1085 3262 vel

10 3342 17 3353 ,
63 3280 143 3334 ean
177 3294 274 3334 eorum
296 3284 341 3336 etc.
367 3282 423 3349 rb).
460 3299 529 3351 qnae
561 3283 672 3339 turarii
699 3281 842 3334 cuiusdam
869 3280 967 3335 addito
999 3279 1084 3349 expli·

10 3362 18 3413 ’,
62 3349 176 3405 catione
191 3350 269 3416 folco
285 3351 452 3420 interpolata
470 3357 536 3407 eunt
567 3354 612 3421 (ef.
634 3353 720 3420 Pon,
745 3350 841 3405 Fraus
864 3349 981 3422 Synopc.
1005 3353 1032 3418 sl.
1051 3349 1084 3402 el.

10 3444 16 3497 ς
57 3436 92 3489 p.
113 3421 254 3491 236⁸qu
327 3427 361 3476 25
381 3423 491 3477 nestorii
507 3440 533 3491 9.
