2416 3900
497 185 628 248 ..pp
676 221 717 228 „-

252 360 338 423 atat
366 351 429 428 poti
457 349 638 409 exinaniunt.
680 356 726 409 est
753 347 863 408 hodera
890 365 965 426 quae
995 347 1114 428 chryso·

367 455 472 518 carpos
487 437 664 517 appellatur,
685 442 845 516 propterea
858 435 938 516 qnod
952 434 1012 497 lert
1025 454 1116 516 grana
1158 509 1160 514 .

368 528 451 588 aurci
474 525 595 587 coloris:
623 525 697 586 haec
726 543 817 605 grana
840 539 890 587 xx
911 527 944 586 in
966 526 1029 586 vini
1044 544 1115 600 ,sex-

367 617 443 676 tario
463 623 660 694 conteruntur
679 622 709 675 et
726 633 762 675 ex
782 633 817 674 eo
831 615 900 675 vino
918 615 999 677 terni
1019 614 1116 695 cyathi

243 713 340 777 suns
368 703 512 766 bibuntur
526 706 578 784 qui
591 722 647 784 per
660 705 777 765 urinam
791 705 973 766 exinaniunt.
994 702 1137 765 testudot

244 786 340 854 (cmc)
369 794 476 854 decisis
499 792 626 874 pedibus
650 800 680 853 et
703 795 798 871 capite
817 801 847 854 et
870 791 978 874 cauda,
999 794 1115 854 intesti-

368 885 415 942 nis
443 882 580 964 abiectis,
595 884 639 945 in
666 881 733 942 cibo
763 881 851 942 datur
876 884 919 942 ita
940 881 1060 942 condita
1083 887 1116 942 ut

235 980 340 1043 aenea.
369 973 444 1032 citra
475 971 625 1032 lastidimn
656 973 733 1032 sumi
764 972 867 1050 possit.
912 970 1000 1031 limus
1031 968 1116 1032 vituli

244 1068 341 1133 mpla
369 1059 493 1121 masculi
522 1062 619 1121 ventri
645 1059 790 1121 inlinitur.
827 1062 929 1120 vincae
958 1061 1116 1139 pervincae

218 1141 279 1209 (⁰m·
294 1140 342 1209 rb)
370 1148 467 1210 aridae
495 1156 579 1210 tusae
612 1148 707 1209 farina
739 1148 881 1209 coclearis
908 1166 1049 1209 mensura
1080 1159 1157 1208 ex1⁰

152 1241 167 1273 ’¹‘
191 1239 341 1378 (cfff’rbgj
368 1256 445 1387 pqua
463 1239 530 1299 data
549 1237 704 1299 celerrime
722 1235 1005 1386 redditlsanitplteurp(i
1026 1236 1115 1298 helle·

273 1353 278 1365 ·
390 1345 476 1388 orum
494 1335 655 1388 contusum
672 1334 706 1387 ut
726 1329 765 1386 sit
803 1327 892 1387 uris:
936 1327 962 1386 e'
1006 1343 1115 1387 ecom·

369 1415 560 1476 miscebimus
574 1415 647 1476 illud
665 1344 815 1476 radicides
829 1422 859 1475 et
877 1433 969 1495 super
982 1421 1116 1476 ventrem

369 1507 400 1563 in
422 1503 544 1564 linteolo
567 1506 761 1583 imponimus,
788 1505 829 1564 ita
852 1511 886 1565 ut
908 1503 1042 1583 pulveris
1062 1521 1115 1584 pu·

369 1591 468 1652 sillum
478 1611 566 1672 supra
582 1611 710 1672 spargas.
729 1591 917 1671 adalligatum
925 1591 1036 1653 habeas
1047 1592 1117 1653 licet
1130 1600 1157 1641 1⁵

368 1679 492 1741 biduum
511 1680 556 1741 vel
579 1681 712 1743 triduum
735 1699 829 1742 unum
852 1679 1115 1760 adalligamentum.

435 1881 563 1938 xm.
585 1882 640 1937 Ad
662 1883 821 1938 morbum
844 1880 987 1950 regium.
1061 1903 1063 1907 ·

255 2012 342 2073 30,93.
440 1999 550 2061 Sordes
573 1999 609 2060 de
629 1999 769 2061 auriculis
788 2009 840 2061 aut
862 1999 898 2060 de
917 2017 1045 2061 mamma
1066 2017 1116 2079 pe-

372 2089 470 2170 cudis,
492 2087 625 2169 pondere
644 2089 770 2170 denarii,
789 2107 858 2149 curn
876 2106 992 2168 myrrae
1010 2087 1117 2169 pusillo

271 2179 308 2236 io.
372 2196 408 2237 er
432 2176 548 2239 dnobus
568 2178 681 2258 cyathis
699 2180 760 2239 vini
783 2178 971 2239 hauriuntur.
1004 2193 1119 2243 vermes

371 2268 485 2327 terreni
513 2285 581 2327 cum
604 2285 702 2346 myrra
729 2269 761 2327 in
784 2273 868 2327 aceto
896 2264 992 2326 mulso
1020 2266 1119 2346 propi·
1134 2276 1160 2316 ²⁰

256 2365 343 2429 30‚94.
372 2362 489 2416 nantur.
517 2354 675 2416 cerebrum
693 2355 823 2435 perdicis
840 2356 872 2415 in
890 2352 988 2415 tribus
1007 2352 1121 2435 cyathis

270 2446 307 2501 to.
371 2445 432 2504 vini
454 2441 575 2505 bibitur.
613 2446 729 2505 cineres
757 2447 980 2504 interaneorum
1007 2442 1121 2524 palum-

370 2531 479 2593 borum
496 2531 532 2592 ad
552 2531 695 2593 coclearia
714 2532 782 2593 hina
801 2531 945 2619 bibuntur
960 2550 996 2592 ex
1015 2531 1122 2592 mulso.

176 2709 190 2755 1
211 2703 292 2773 potui
309 2704 336 2758 d.
363 2705 366 2771 Ι
392 2703 493 2772 chryso
516 2703 640 2774 (crhyso
653 2705 682 2774 p)
705 2720 803 2773 carpos
820 2704 860 2773 pb
880 2704 956 2773 (pus
973 2704 1014 2772 r):
1038 2701 1123 2758 criso-

104 2774 256 2857 capposd.
311 2774 539 2844 3inpb:exd.
595 2772 865 2844 leoprbzomd.
921 2772 1125 2843 opedibuset

105 2846 198 2914 capite
216 2846 255 2915 pb
272 2845 353 2915 (Pl.):
373 2846 466 2916 eapite
485 2845 650 2916 etpedibus
669 2848 696 2904 ot.
751 2851 766 2900 ‘l
785 2843 903 2900 abiectis
921 2844 973 2914 phe
992 2844 1125 2909 eiectisd

105 2916 254 2986 (exemptis
274 2916 340 2984 Pl).
394 2923 410 2972 8
429 2916 525 2973 rituli:
544 2916 644 2972 bubuli
662 2922 726 2971 onte
743 2917 796 2986 eps.
810 2931 879 2971 corr.
897 2917 925 2971 d.
980 2920 996 2970 9
1015 2914 1124 2971 Vineae

105 2989 166 3060 (sic)
184 3006 235 3059 per
252 2987 353 3043 uineae
372 2987 467 3042 aridae
487 2989 567 3043 tusae
584 3005 603 3058 p
620 2989 666 3057 (cf.
682 2988 752 3058 Pl),
774 2986 863 3042 Vince
885 2984 971 3042 uncia
986 2986 1125 3056 perarida

105 3062 168 3116 tuse
192 3061 219 3117 d.
275 3065 310 3115 1o
327 3057 467 3114 larinad:
491 3075 557 3114 -uae
574 3076 599 3129 p.
626 3062 630 3126 Ι
655 3057 789 3114 coclearia
806 3059 850 3129 pol
868 3057 930 3128 (ris
947 3057 990 3112 vel
1007 3057 1045 3115 ·ri
1061 3075 1087 3115 o.
1105 3059 1124 3113 l.

106 3130 173 3202 Pl).
229 3137 261 3186 11
282 3129 427 3186 celerrime
444 3146 474 3201 p:
493 3129 622 3187 celeriter
639 3131 666 3185 d.
682 3132 686 3199 1
706 3128 894 3187 helleborum:
914 3131 944 3184 et
960 3127 1086 3185 liuorum
1098 3145 1126 3201 p,

104 3202 143 3257 Et
157 3205 162 3273 Ι
177 3203 269 3260 livorii
287 3203 313 3257 d.
379 3207 414 3257 14
430 3200 601 3270 imponimus
618 3217 649 3272 p:
669 3217 777 3257 nemus
795 3202 821 3257 d.
886 3205 920 3255 15
939 3216 1057 3272 sparges
1075 3201 1124 3271 dl

104 3275 136 3328 et
157 3274 243 3330 adoll.
267 3275 294 3330 d.
359 3279 392 3328 16
411 3272 555 3341 lice':j<t>
572 3290 598 3342 p.
624 3279 628 3340 l
657 3272 743 3328 biduo
761 3272 808 3328 uel
829 3270 923 3327 triduo
945 3287 1002 3326 uno
1024 3271 1126 3342 alliga·

104 3348 199 3401 mento
218 3347 245 3401 d.
292 3351 324 3399 17
344 3348 396 3400 sut
408 3345 447 3414 pb
461 3344 542 3414 (Pl.):
561 3347 591 3400 et
608 3347 635 3400 d.
687 3350 720 3400 18
740 3342 848 3399 denarii
864 3342 1125 3414 pondereroffp:

102 3417 214 3481 pondua
233 3415 342 3472 denarii
359 3417 409 3486 pot.
434 3418 438 3485 Ι
467 3433 562 3486 myrra
579 3433 610 3486 p,
634 3414 722 3470 mirra
741 3416 768 3471 d.
823 3420 857 3470 20
875 3406 1045 3485 propinetur
1062 3430 1089 3486 p.

92 3486 134 3533 22
151 3484 270 3541 Cineres
292 3488 354 3557 (erc)
374 3488 468 3559 pdrb.
531 3493 565 3542 23
584 3487 621 3543 od
638 3504 655 3543 r
673 3487 754 3556 (Pl.):
777 3502 828 3542 om.
851 3485 921 3555 pdb.
947 3487 952 3553 Ι
980 3483 1051 3541 bina
1067 3486 1126 3556 pd:

80 3548 140 3602 duo
159 3555 199 3609 rb
212 3556 286 3622 (tria
305 3558 374 3630 Pr).
