2416 3900
469 182 687 247 ...65-

66 365 140 410 cum
167 345 242 406 oleo.
283 344 397 426 myrtea
423 349 505 426 virga
534 365 609 425 quae
638 347 718 408 ferro
741 357 819 409 tacta
847 359 950 423 tutat.

66 455 131 498 nou
154 442 202 496 est
224 436 255 494 in
279 434 381 496 dolore
408 436 564 514 inguinum
588 436 819 516 circumligatur.

67 523 252 586 absinthium
265 523 375 585 habere
390 524 701 604 inventrali'prodest.
719 525 818 604 pollex
846 537 932 602 uultu.
957 539 1035 602 tut-2

66 614 135 675 eius
151 612 238 693 pedis
257 630 346 691 aquo
369 615 480 692 inguen
499 621 544 673 est
567 617 701 692 proximo
725 613 816 692 digito
845 609 905 675 (⁰²²2-
924 612 949 678 r)

33 701 203 782 salligatus
226 708 376 762 tumorem
398 701 489 762 sedat.

133 901 245 959 m
268 899 449 957 Ulceribus
471 901 508 958 ln
532 915 630 958 crure
653 903 709 959 vel
731 902 767 959 in
789 903 891 959 tibiis.

133 1019 291 1082 Ulceribus
314 1021 346 1079 in
374 1038 462 1080 crure
488 1021 535 1080 vel
561 1023 592 1081 in
620 1021 701 1083 tibiis
724 1023 814 1103 adeps
843 1035 948 1097 28‚241.

64 1112 191 1171 ursinus
219 1109 346 1170 admixta
374 1107 494 1169 rubrica
526 1112 696 1188 imponitur.
740 1130 814 1189 quae
877 1115 913 1170 ab.

64 1206 195 1278 serpunt
221 1204 364 1258 curantur
392 1196 458 1257 felle
487 1200 591 1276 aprino
620 1216 690 1258 cum
717 1201 815 1258 resina

64 1292 96 1348 et
120 1303 250 1347 cerussa.
282 1285 467 1346 maxillarum
486 1289 550 1364 apri
568 1285 614 1346 rel
633 1289 695 1347 suis
714 1289 814 1348 cinere
877 1291 913 1346 ib.

26 1387 52 1427 10
66 1377 292 1454 insperguntur.
329 1374 417 1434 limus
441 1376 579 1453 caprinus
595 1393 631 1435 ex
645 1385 729 1436 aceto
744 1375 812 1436 sub·
877 1379 913 1434 ib.
1012 1406 1014 1410 ·

65 1470 151 1524 actus
178 1469 209 1522 et
237 1461 472 1522 subfervefactus
500 1465 672 1542 imponitur.
716 1468 814 1525 omnia
876 1468 913 1523 ib.

63 1553 97 1611 in
115 1551 163 1612 his
181 1551 255 1611 locis
273 1549 374 1611 ulcera
392 1559 559 1630 purgantur
579 1560 608 1613 et
627 1553 814 1631 complentur

65 1635 141 1718 <et>
168 1645 367 1719 persanantur
393 1637 501 1718 butyro
532 1658 564 1699 ac
592 1640 720 1701 medulla
749 1661 812 1702 cer·

63 1730 146 1808 vina,
173 1729 246 1787 item
269 1726 336 1787 telle
359 1729 476 1787 tatuino
505 1746 573 1788 eum
601 1731 723 1807 cyprino
747 1730 812 1789 oleo
876 1733 912 1786 ib.

25 1828 49 1869 1⁵
64 1824 117 1885 aut
139 1817 226 1876 irino.

130 2014 260 2073 xxm.
284 2015 447 2071 Telorum
469 2014 580 2070 dolori
601 2016 659 2072 vel
680 2017 818 2072 tumori.
889 1971 892 1977 ⁶

131 2132 277 2194 Curribus
300 2134 347 2194 vel
368 2134 436 2194 talis
463 2135 489 2193 si
516 2140 631 2194 tument
659 2142 688 2193 et
712 2134 812 2195 dolent
840 2146 926 2208 3132.

62 2240 187 2284 muscus
197 2240 234 2282 ex
244 2221 309 2282 oleo
323 2224 413 2283 tritus
426 2224 597 2300 imponitur.
621 2221 709 2282 limus
724 2240 810 2301 aqua

135 2463 315 2534 4‘1ngu1nete
328 2461 455 2532 proximo
473 2479 502 2531 p,
531 2462 646 2532 inguine
670 2466 713 2517 est
734 2482 776 2533 pr.
795 2463 814 2519 d
833 2463 943 2532 (inquo
961 2464 1078 2535 inguina

63 2535 148 2589 eruut
167 2534 259 2590 Marc.
274 2550 305 2603 p.
325 2536 396 2602 225).
469 2534 510 2587 tit.
535 2555 616 2588 xx1111
634 2534 780 2589 Ulceribus
803 2539 849 2589 etc.
868 2552 898 2604 p,
922 2535 967 2590 Ad
984 2537 1078 2592 ulcera

62 2603 93 2658 in
112 2604 240 2659 cruribus
259 2606 288 2660 el
306 2602 384 2659 tibiis
402 2605 429 2659 d.
497 2612 512 2659 6
531 2604 677 2659 Ulceribus
689 2604 821 2673 -tibiis,
841 2623 910 2674 quac
927 2609 1009 2661 verba
1027 2625 1076 2662 our.

61 2675 118 2745 nd,
136 2676 265 2731 actitatio
282 2675 366 2731 buius
379 2691 439 2743 cap.
453 2675 621 2729 restituenda
639 2691 693 2729 esse
708 2675 821 2730 Plinius
839 2677 957 2732 indicat:
977 2678 1079 2735 Ulcera

62 2746 146 2800 sanat
162 2745 196 2800 in'
211 2744 291 2801 tibiis
310 2745 489 2815 cruribusque
513 2745 592 2816 adips
610 2744 720 2800 ursinus
738 2751 785 2801 etc.
859 2753 874 2802 7
898 2749 1034 2804 ammixta
1052 2770 1077 2818 p.

99 2820 135 2870 12
157 2818 353 2886 purgenturet
377 2816 560 2886 complentur.
596 2817 784 2872 Persunantur
803 2859 810 2875 .
827 2859 832 2872 .
851 2820 894 2887 pel
917 2820 957 2886 (et
978 2837 1021 2875 orn
1044 2834 1076 2889 r).

61 2888 221 2956 purgantur
239 2889 269 2943 et
289 2889 475 2957 persanantur
496 2888 575 2943 hebet
596 2888 678 2944 ctiam
697 2888 790 2957 Marc.
806 2907 834 2958 p.
855 2895 906 2944 232
926 2892 987 2958 (om.
1009 2892 1077 2958 Pto:

61 2957 156 3027 itaque
174 2958 275 3013 addidi
288 2960 325 3014 et.
377 2964 409 3011 13
424 2958 526 3028 butyro
539 2959 658 3029 pr(M):
677 2960 787 3014 vulture
801 2962 827 3016 d.
867 2965 899 3014 15
914 2962 975 3015 eut:
990 2961 1036 3015 vel
1050 2962 1077 3013 d.

63 3024 186 3097 lhyriuo
208 3029 252 3098 qd
279 3028 382 3097 (birino
411 3030 474 3097 bml:
507 3029 623 3099 hyrcino
641 3032 686 3086 rb.
712 3033 716 3100 i
745 3033 777 3084 tu
789 3032 831 3100 gol
852 3032 975 3099 sequitur
997 3033 1078 3098 quasi

60 3112 151 3153 nouus
177 3100 219 3153 ut.
242 3119 298 3155 xxv
321 3098 452 3156 Orun'bus
474 3100 570 3155 italis
593 3106 639 3156 etc.
658 3118 689 3172 9,
717 3101 762 3156 Ad
785 3118 865 3155 crure
883 3101 929 3156 vel
952 3099 1030 3154 tibiis
1053 3100 1077 3154 si

61 3168 163 3225 dolent
183 3169 231 3225 vel
252 3171 364 3226 tument
381 3173 412 3239 d,
439 3189 507 3241 quac
525 3188 559 3226 ex
581 3174 641 3242 ipso
659 3173 741 3227 initio
769 3170 887 3240 capituli
908 3171 1077 3225 dotatarum

60 3238 155 3297 dolore
172 3240 218 3309 (cf.
240 3241 317 3296 Ptin.
336 3243 586 3311 cellerannan)
606 3245 689 3298 duda
702 3246 774 3297 suot.
805 3256 885 3295 verus
903 3245 992 3294 autem
1010 3243 1075 3296 titu-

10 3368 19 3385 ,,
59 3310 106 3367 lus
123 3310 158 3365 iu
174 3311 299 3382 margine
317 3313 472 3382 adscriptus
485 3330 560 3369 nuuc
577 3315 609 3368 in
623 3314 699 3368 codd.
713 3312 847 3379 sequentis
865 3311 982 3380 capituti
1000 3323 1078 3365 mr

10 3388 14 3441 ζ
70 3405 107 3427 -
130 3384 234 3451 mitt)
266 3383 349 3438 initio
371 3385 548 3453 praepositus
573 3388 612 3438 est
647 3384 768 3450 (propter
800 3385 889 3435 tectus
921 3382 1076 3440 brevitatem

58 3522 95 3578 m
147 3466 198 3507 auo
224 3453 295 3509 mate
321 3455 468 3525 depulsus).
542 3460 575 3509 16
600 3452 729 3506 cruribus
744 3483 776 3492 —
791 3450 889 3509 dolent
916 3454 1015 3511 addidi
1043 3472 1076 3509 ec

113 3623 185 3665 Plinii
197 3626 293 3667 tuuioziu
306 3626 424 3668 medicine.
907 3619 928 3666 b
