2416 3900
486 157 728 222 -160-

209 326 332 403 pienum
355 324 485 401 itemque
509 323 694 401 serpentium
717 323 952 401 optimesemen
976 337 1013 381 ex
1031 337 1115 379 mero

209 413 346 474 sumitur.
383 409 471 472 simili
489 408 577 471 mede
600 417 799 490 temperatum
816 426 955 470 venerem
975 407 1117 488 stimulat,

210 502 327 563 urinam
350 501 421 581 ciet,
444 500 524 560 sistit
546 497 656 580 alvum,
683 496 832 578 pulmonis
856 504 886 558 et
908 497 1049 558 iocineris
1071 498 1115 558 in-

209 591 301 651 iurias
324 587 427 671 abigit,
455 587 663 650 abundantiam
684 586 769 648 laetis
787 585 954 669 puerperis
976 592 1117 667 praestat,

210 697 247 738 ex
270 694 346 757 aqua
367 679 472 739 tritum
499 677 632 738 nausiam
660 675 756 757 sedat,
783 664 967 737 stomachum
990 674 1116 736 dissolu·
1130 685 1143 727 Ι

209 775 275 829 tum
297 765 467 845 adstringit.
490 782 545 826 nec
569 773 615 826 est
636 763 710 825 illud
732 763 900 844 periculum
922 764 1011 845 etiam
1037 764 1063 824 si
1085 766 1116 823 in

210 854 293 924 febre
313 860 455 921 sumatur
491 852 614 915 vulnera
633 853 729 914 dentis
753 854 851 914 canini
875 869 944 913 enm
967 849 1053 912 mede
1071 852 1115 912 in·

209 942 296 1004 litum
317 934 425 1023 purgat
448 953 478 1003 et
501 949 593 1003 sanat.

136 1041 182 1131 ΡΙ.
275 1091 398 1169 xm.
430 1091 480 1147 De
502 1089 689 1147 helmana.

113 1154 200 1216 2⁰⁹4&
278 1190 476 1270 Scorpicnum
499 1189 608 1252 ictibus
631 1197 661 1250 et
683 1191 797 1250 morsui
820 1190 902 1249 canis
925 1204 1027 1248 semen
1051 1189 1116 1249 eins

211 1297 247 1339 ex
268 1281 338 1339 dnn
365 1278 467 1341 datum
489 1281 628 1340 censurii.
663 1280 695 1339 in
722 1276 819 1338 mulso
846 1276 1003 1337 derectum
1026 1282 1115 1355 atque
1130 1288 1155 1328 10

209 1375 314 1448 petum
327 1367 550 1429 difficultatibus
564 1369 668 1428 urinae
677 1366 822 1427 medetur.
845 1372 994 1427 tormenta
1002 1366 1116 1426 ventris

211 1463 241 1517 et
264 1463 378 1517 ceteras
401 1459 610 1517 intestinorum
634 1454 771 1534 querelas
789 1454 895 1515 eedem
913 1453 1000 1514 mede
1024 1459 1115 1515 sanat.

210 1545 294 1604 radix
311 1547 342 1604 in
361 1546 429 1604 vinc
452 1544 575 1605 decocta
593 1542 722 1604 calculos
739 1542 832 1622 pellit.
868 1542 970 1603 lateris
988 1549 1019 1603 et
1041 1541 1115 1602 lum·

210 1631 318 1693 berum
340 1630 493 1693 doloribus
517 1632 620 1693 eadem
642 1634 763 1712 potione
792 1632 988 1692 succurritur.
1025 1648 1115 1691 sucus

210 1719 377 1870 {lifemllus
390 1723 565 1801 propinatus
583 1727 754 1800 exoptatum
769 1720 896 1780 ualerem
915 1736 970 1799 per
983 1717 1155 1780 membran

231 1812 241 1869 i
263 1827 304 1871 un
336 1816 357 1869 t.

211 2003 331 2063 vulnera.
367 2005 441 2060 radix
463 2004 520 2060 eius
543 2005 571 2059 ln
586 2005 648 2060 rino
664 2009 742 2060 encta
756 2010 834 2060 sanat
854 2002 1019 2076 hydropicos
1041 2008 1114 2076 peta.

211 2094 381 2145 veretrorum
403 2104 500 2145 causae
521 2087 610 2146 radice
632 2089 690 2144 eius
718 2087 746 2144 in
768 2089 830 2144 vine
857 2095 935 2144 encta
963 2086 1116 2143 foveantur.

211 2172 275 2229 felia
303 2174 361 2231 eius
394 2173 459 2229 trita
485 2188 546 2229 eum
574 2171 654 2229 melle
682 2172 778 2230 canino
806 2172 909 2228 morsui
941 2168 1115 2227 subveniunt.

210 2272 303 2312 semen
322 2258 381 2315 eius
396 2273 429 2313 ex
444 2258 508 2314 vine
531 2258 624 2313 tritum
647 2265 770 2331 potatum
786 2257 923 2312 unaarum
938 2251 1117 2312 difficultates
1130 2258 1157 2299 ²⁰

211 2340 287 2399 iurat
307 2349 336 2399 et
357 2342 454 2398 lactem
476 2347 615 2416 provocat.

136 2489 191 2557 (42)
274 2476 430 2535 olusatrum
458 2476 559 2535 calidae
586 2485 615 2534 et
642 2487 766 2535 austerae
788 2477 896 2533 virtutis
918 2483 972 2536 est.
1009 2484 1117 2533 coctum

210 2563 238 2618 ln
268 2562 386 2619 oleribus
414 2561 586 2620 commodum
618 2562 770 2619 stomacho.
818 2561 931 2623 crudum
965 2567 1119 2617 comestum

210 2647 470 2705 multum'ealelacit
491 2646 604 2705 vesicam
627 2652 655 2703 et
669 2647 774 2703 urinam
796 2651 894 2703 meret.
932 2643 1036 2702 radicas
1059 2644 1117 2702 eins

209 2730 237 2785 in
264 2729 350 2787 mulsa
377 2740 469 2789 coetae
496 2730 671 2789 difficultates
704 2732 797 2788 urinae
825 2729 973 2804 expellunt.
1022 2743 1117 2786 semen
1130 2742 1153 2784 aa

210 2813 268 2869 eius
290 2815 386 2871 tritum
408 2833 441 2872 er
463 2817 525 2873 vinc
548 2814 666 2874 calculos
695 2815 797 2890 frangit
820 2822 847 2871 et
873 2812 994 2888 expellit.
1033 2827 1116 2870 sucus

210 2897 308 2954 radicis
331 2900 389 2954 eius
411 2907 526 2974 potatur
546 2908 641 2958 centra
663 2899 779 2957 lluorem
801 2898 917 2955 multum
940 2896 1060 2955 sudoris.

176 3087 371 3169 leerpantnm
384 3086 438 3156 pel
447 3085 513 3154 (rb).
559 3091 575 3139 3
590 3085 657 3140 Sitit
670 3086 730 3168 (aie)
743 3099 769 3154 p
786 3081 934 3152 liccineris
947 3083 1033 3151 palu
1052 3081 1117 3138 ieci-

102 3149 189 3282 {¹⁰¹3
196 3157 248 3282 ila
267 3154 819 3311 {filadlmlitillalldlllm
837 3155 855 3208 ²
869 3232 885 3279 ι
909 3154 1117 3296 {eiffela

103 3298 236 3368 astringit
252 3300 292 3353 el.
313 3302 317 3368 Ι
342 3298 477 3356 inlabi-es
491 3301 602 3355 ematur
619 3298 678 3369 (cia)
697 3299 735 3353 ΙΙ
790 3298 860 3352 eet
878 3297 945 3366 pul:
968 3297 1056 3365 atque
1071 3295 1116 3350 rt.

139 3369 181 3421 ΙΙΙ.
200 3369 241 3422 De
255 3369 398 3426 holosatro
411 3372 533 3441 pd(rb),
547 3371 589 3425 De
602 3369 779 3437 holisalroe,
797 3368 838 3422 De
852 3366 975 3422 clanstro
989 3366 1082 3437 (aie)l.

92 3433 197 3487 91'etni
207 3439 235 3491 d.
250 3442 262 3507 Ι
275 3439 337 3496 eins
348 3443 440 3512 pald.
455 3413 592 3498 holesatri
603 3442 647 3496 rb.
685 3447 717 3495 11
731 3440 884 3495 tormenta·
898 3436 1022 3493 termina
1036 3437 1081 3492 Pl

76 3500 115 3548 18
126 3503 222 3564 pellit
239 3524 292 3565 om.
314 3529 340 3569 r.
357 3514 512 3584 [Lacertis
530 3501 691 3586 (Lameid.
743 3516 779 3567 te
794 3508 959 3584 prnpiuetur
976 3509 1081 3578 (aiem.
